<?xml version="1.0" encoding="UTF-8"?>
<!DOCTYPE html PUBLIC "-//W3C//DTD XHTML 1.0 Transitional//EN"
    "http://www.w3.org/TR/xhtml1/DTD/xhtml1-transitional.dtd">
<html xmlns="http://www.w3.org/1999/xhtml" xml:lang="en" lang="en">
 <head>
  <title>
</title>
<meta http-equiv="Content-Type" content="text/html;charset=utf-8" />
  <meta name='ocr-system' content='tesseract 3.04.00' />
  <meta name='ocr-capabilities' content='ocr_page ocr_carea ocr_par ocr_line ocrx_word'/>
</head>
<body>
  <div class='ocr_page' id='page_1' title='image "./epistolacentumep00lamb/epistolacentumep00lamb_0017.png"; bbox 0 0 2372 3760; ppageno 0'>
   <div class='ocr_carea' id='block_1_1' title="bbox 748 102 2020 169">
    <p class='ocr_par' dir='ltr' id='par_1_1' title="bbox 748 102 2020 169">
     <span class='ocr_line' id='line_1_1' title="bbox 748 102 2020 169; baseline 0.005 -18"><span class='ocrx_word' id='word_1_1' title='bbox 748 106 794 151; x_wconf 82' lang='grc' dir='ltr'>ἐν</span> <span class='ocrx_word' id='word_1_2' title='bbox 816 102 1017 169; x_wconf 75' lang='grc' dir='ltr'>Ἀγγλίᾳ</span> <span class='ocrx_word' id='word_1_3' title='bbox 1040 104 1457 168; x_wconf 85' lang='grc' dir='ltr'>συνηθροισμένων.</span> <span class='ocrx_word' id='word_1_4' title='bbox 1989 117 2020 162; x_wconf 89' lang='grc'>9</span> 
     </span>
    </p>
   </div>
   <div class='ocr_carea' id='block_1_2' title="bbox 104 254 2069 3517">
    <p class='ocr_par' dir='ltr' id='par_1_2' title="bbox 181 254 2019 814">
     <span class='ocr_line' id='line_1_2' title="bbox 272 254 2016 338; baseline 0.005 -26"><span class='ocrx_word' id='word_1_5' title='bbox 272 254 766 335; x_wconf 84' lang='grc' dir='ltr'>Εὗχαριστοῦμεν</span> <span class='ocrx_word' id='word_1_6' title='bbox 821 255 903 333; x_wconf 77' lang='grc' dir='ltr'>τῷ</span> <span class='ocrx_word' id='word_1_7' title='bbox 956 255 1411 336; x_wconf 81' lang='grc' dir='ltr'>Παντοκράτορι</span> <span class='ocrx_word' id='word_1_8' title='bbox 1468 257 1613 336; x_wconf 73' lang='grc' dir='ltr'>Θεῷ,</span> <span class='ocrx_word' id='word_1_9' title='bbox 1661 257 1751 318; x_wconf 85' lang='grc' dir='ltr'>ὅτι</span> <span class='ocrx_word' id='word_1_10' title='bbox 1800 286 2016 338; x_wconf 80' lang='grc' dir='ltr'>σεμνο-</span> 
     </span>
     <span class='ocr_line' id='line_1_3' title="bbox 183 347 2019 431; baseline 0.004 -21"><span class='ocrx_word' id='word_1_11' title='bbox 183 351 410 428; x_wconf 90' lang='grc' dir='ltr'>πρεπής</span> <span class='ocrx_word' id='word_1_12' title='bbox 459 376 547 413; x_wconf 90' lang='grc' dir='ltr'>τις</span> <span class='ocrx_word' id='word_1_13' title='bbox 605 347 1002 430; x_wconf 82' lang='grc' dir='ltr'>διαμαρτυρία</span> <span class='ocrx_word' id='word_1_14' title='bbox 1048 348 1337 431; x_wconf 78' lang='grc' dir='ltr'>ἐξήχηται</span> <span class='ocrx_word' id='word_1_15' title='bbox 1397 353 1515 412; x_wconf 84' lang='grc' dir='ltr'>ἀπὸ</span> <span class='ocrx_word' id='word_1_16' title='bbox 1567 353 1723 414; x_wconf 80' lang='grc' dir='ltr'>πάνυ</span> <span class='ocrx_word' id='word_1_17' title='bbox 1782 361 2019 418; x_wconf 80' lang='grc' dir='ltr'>πολλῶν</span> 
     </span>
     <span class='ocr_line' id='line_1_4' title="bbox 183 445 2018 528; baseline 0.005 -22"><span class='ocrx_word' id='word_1_18' title='bbox 183 449 539 524; x_wconf 83' lang='grc' dir='ltr'>ἐκκλησιῶν,</span> <span class='ocrx_word' id='word_1_19' title='bbox 568 445 666 504; x_wconf 79' lang='grc' dir='ltr'>καὶ</span> <span class='ocrx_word' id='word_1_20' title='bbox 690 446 808 506; x_wconf 84' lang='grc' dir='ltr'>ἀπὸ</span> <span class='ocrx_word' id='word_1_21' title='bbox 835 448 1191 524; x_wconf 84' lang='grc' dir='ltr'>κοινοτήτων</span> <span class='ocrx_word' id='word_1_22' title='bbox 1216 452 1584 528; x_wconf 85' lang='grc' dir='ltr'>χριστιανῶν</span> <span class='ocrx_word' id='word_1_23' title='bbox 1611 477 1685 509; x_wconf 91' lang='grc' dir='ltr'>κα</span> <span class='ocrx_word' id='word_1_24' title='bbox 1728 450 1893 512; x_wconf 81' lang='grc' dir='ltr'>’ὅλον</span> <span class='ocrx_word' id='word_1_25' title='bbox 1916 458 2018 516; x_wconf 82' lang='grc' dir='ltr'>τὸν</span> 
     </span>
     <span class='ocr_line' id='line_1_5' title="bbox 185 542 2014 630; baseline 0.005 -29"><span class='ocrx_word' id='word_1_26' title='bbox 185 545 435 619; x_wconf 86' lang='grc' dir='ltr'>κόσμον,</span> <span class='ocrx_word' id='word_1_27' title='bbox 480 542 630 601; x_wconf 82' lang='grc' dir='ltr'>κατὰ</span> <span class='ocrx_word' id='word_1_28' title='bbox 665 544 779 602; x_wconf 91' lang='grc' dir='ltr'>τῶν</span> <span class='ocrx_word' id='word_1_29' title='bbox 823 544 927 620; x_wconf 86' lang='grc' dir='ltr'>τῆς</span> <span class='ocrx_word' id='word_1_30' title='bbox 974 542 1272 621; x_wconf 86' lang='grc' dir='ltr'>Ῥωμαίας</span> <span class='ocrx_word' id='word_1_31' title='bbox 1319 545 1612 627; x_wconf 79' lang='grc' dir='ltr'>καθέδρας</span> <span class='ocrx_word' id='word_1_32' title='bbox 1663 552 2014 630; x_wconf 91' lang='grc' dir='ltr'>πλεονεκτη-</span> 
     </span>
     <span class='ocr_line' id='line_1_6' title="bbox 181 638 2018 722; baseline 0.007 -25"><span class='ocrx_word' id='word_1_33' title='bbox 181 639 396 717; x_wconf 77' lang='grc' dir='ltr'>μάτων,</span> <span class='ocrx_word' id='word_1_34' title='bbox 420 639 518 697; x_wconf 80' lang='grc' dir='ltr'>καὶ</span> <span class='ocrx_word' id='word_1_35' title='bbox 551 638 701 698; x_wconf 81' lang='grc' dir='ltr'>κατὰ</span> <span class='ocrx_word' id='word_1_36' title='bbox 730 640 844 698; x_wconf 88' lang='grc' dir='ltr'>τῶν</span> <span class='ocrx_word' id='word_1_37' title='bbox 874 643 1228 721; x_wconf 88' lang='grc' dir='ltr'>νεωτερικῶν</span> <span class='ocrx_word' id='word_1_38' title='bbox 1260 639 1591 722; x_wconf 77' lang='grc' dir='ltr'>δογμάτων,</span> <span class='ocrx_word' id='word_1_39' title='bbox 1618 644 1713 704; x_wconf 83' lang='grc' dir='ltr'>ὑπ’</span> <span class='ocrx_word' id='word_1_40' title='bbox 1739 645 2018 717; x_wconf 76' lang='grc' dir='ltr'>ἐξουσίας</span> 
     </span>
     <span class='ocr_line' id='line_1_7' title="bbox 185 733 824 814; baseline -0.002 -20"><span class='ocrx_word' id='word_1_41' title='bbox 185 737 366 811; x_wconf 81' lang='grc' dir='ltr'>αὐτῆς</span> <span class='ocrx_word' id='word_1_42' title='bbox 397 733 824 814; x_wconf 75' lang='grc' dir='ltr'>διωρισμένων.</span> 
     </span>
    </p>

    <p class='ocr_par' dir='ltr' id='par_1_3' title="bbox 179 830 2020 1396">
     <span class='ocr_line' id='line_1_8' title="bbox 265 830 2018 917; baseline 0.007 -28"><span class='ocrx_word' id='word_1_43' title='bbox 265 830 344 889; x_wconf 83' lang='lat' dir='ltr'>‘H</span> <span class='ocrx_word' id='word_1_44' title='bbox 401 830 769 911; x_wconf 87' lang='grc' dir='ltr'>Ἀγγλικανὴ</span> <span class='ocrx_word' id='word_1_45' title='bbox 830 830 1176 912; x_wconf 85' lang='grc' dir='ltr'>Ἐκκλησία</span> <span class='ocrx_word' id='word_1_46' title='bbox 1224 835 1449 913; x_wconf 84' lang='grc' dir='ltr'>ὀφείλει</span> <span class='ocrx_word' id='word_1_47' title='bbox 1507 838 1719 898; x_wconf 79' lang='grc' dir='ltr'>πᾶσαν</span> <span class='ocrx_word' id='word_1_48' title='bbox 1777 840 2018 917; x_wconf 80' lang='grc' dir='ltr'>συμπά-</span> 
     </span>
     <span class='ocr_line' id='line_1_9' title="bbox 186 927 2020 1016; baseline 0.004 -28"><span class='ocrx_word' id='word_1_49' title='bbox 186 927 350 988; x_wconf 88' lang='grc' dir='ltr'>θειαν</span> <span class='ocrx_word' id='word_1_50' title='bbox 414 927 764 1006; x_wconf 84' lang='grc' dir='ltr'>ἐκκλησίαις</span> <span class='ocrx_word' id='word_1_51' title='bbox 840 930 1024 1009; x_wconf 84' lang='grc' dir='ltr'>κοινῇ,</span> <span class='ocrx_word' id='word_1_52' title='bbox 1080 931 1180 991; x_wconf 83' lang='grc' dir='ltr'>καὶ</span> <span class='ocrx_word' id='word_1_53' title='bbox 1243 936 1621 1013; x_wconf 84' lang='grc' dir='ltr'>χριστιανοῖς</span> <span class='ocrx_word' id='word_1_54' title='bbox 1687 934 1823 1016; x_wconf 75' lang='grc' dir='ltr'>ἰδία,</span> <span class='ocrx_word' id='word_1_55' title='bbox 1895 935 2020 996; x_wconf 77' lang='grc' dir='ltr'>δια-</span> 
     </span>
     <span class='ocr_line' id='line_1_10' title="bbox 179 1025 2015 1107; baseline 0.005 -24"><span class='ocrx_word' id='word_1_56' title='bbox 179 1026 650 1105; x_wconf 88' lang='grc' dir='ltr'>μαρτυρομένοις</span> <span class='ocrx_word' id='word_1_57' title='bbox 701 1025 853 1084; x_wconf 80' lang='grc' dir='ltr'>κατὰ</span> <span class='ocrx_word' id='word_1_58' title='bbox 898 1028 1119 1086; x_wconf 85' lang='grc' dir='ltr'>τούτων</span> <span class='ocrx_word' id='word_1_59' title='bbox 1176 1031 1596 1107; x_wconf 80' lang='grc' dir='ltr'>πλανημάτων,</span> <span class='ocrx_word' id='word_1_60' title='bbox 1659 1032 1759 1092; x_wconf 81' lang='grc' dir='ltr'>καὶ</span> <span class='ocrx_word' id='word_1_61' title='bbox 1812 1060 2015 1094; x_wconf 91' lang='grc' dir='ltr'>στενο-</span> 
     </span>
     <span class='ocr_line' id='line_1_11' title="bbox 180 1122 2018 1206; baseline 0.005 -26"><span class='ocrx_word' id='word_1_62' title='bbox 180 1123 600 1202; x_wconf 84' lang='grc' dir='ltr'>χωρουμένοις,</span> <span class='ocrx_word' id='word_1_63' title='bbox 651 1122 700 1181; x_wconf 82' lang='grc' dir='ltr'>εἶ</span> <span class='ocrx_word' id='word_1_64' title='bbox 745 1124 935 1204; x_wconf 87' lang='grc' dir='ltr'>τύχοι,</span> <span class='ocrx_word' id='word_1_65' title='bbox 986 1123 1082 1183; x_wconf 84' lang='grc' dir='ltr'>ὑπ’</span> <span class='ocrx_word' id='word_1_66' title='bbox 1128 1125 1390 1206; x_wconf 80' lang='grc' dir='ltr'>ἀποριῶν</span> <span class='ocrx_word' id='word_1_67' title='bbox 1437 1126 1719 1199; x_wconf 76' lang='grc' dir='ltr'>ἐξοίλλων,</span> <span class='ocrx_word' id='word_1_68' title='bbox 1771 1128 1869 1188; x_wconf 80' lang='grc' dir='ltr'>διὰ</span> <span class='ocrx_word' id='word_1_69' title='bbox 1906 1132 2018 1190; x_wconf 89' lang='grc' dir='ltr'>τῶν</span> 
     </span>
     <span class='ocr_line' id='line_1_12' title="bbox 180 1218 2018 1305; baseline 0.004 -28"><span class='ocrx_word' id='word_1_70' title='bbox 180 1220 285 1296; x_wconf 83' lang='grc' dir='ltr'>τῆς</span> <span class='ocrx_word' id='word_1_71' title='bbox 317 1218 600 1284; x_wconf 82' lang='grc' dir='ltr'>ἀπιστίας</span> <span class='ocrx_word' id='word_1_72' title='bbox 643 1220 1034 1299; x_wconf 82' lang='grc' dir='ltr'>προσβολῶν,</span> <span class='ocrx_word' id='word_1_73' title='bbox 1070 1218 1195 1298; x_wconf 81' lang='grc' dir='ltr'>ἅμα</span> <span class='ocrx_word' id='word_1_74' title='bbox 1243 1222 1341 1281; x_wconf 85' lang='grc' dir='ltr'>καὶ</span> <span class='ocrx_word' id='word_1_75' title='bbox 1372 1221 1471 1282; x_wconf 79' lang='grc' dir='ltr'>διὰ</span> <span class='ocrx_word' id='word_1_76' title='bbox 1518 1227 1628 1284; x_wconf 88' lang='grc' dir='ltr'>τῶν</span> <span class='ocrx_word' id='word_1_77' title='bbox 1657 1228 1762 1304; x_wconf 84' lang='grc' dir='ltr'>τῆς</span> <span class='ocrx_word' id='word_1_78' title='bbox 1784 1225 2018 1305; x_wconf 81' lang='grc' dir='ltr'>Ῥώμης</span> 
     </span>
     <span class='ocr_line' id='line_1_13' title="bbox 184 1314 677 1396; baseline -0.004 -22"><span class='ocrx_word' id='word_1_79' title='bbox 184 1314 677 1396; x_wconf 79' lang='grc' dir='ltr'>ἐπιχειρημάτων.</span> 
     </span>
    </p>

    <p class='ocr_par' dir='ltr' id='par_1_4' title="bbox 180 1411 2017 2368">
     <span class='ocr_line' id='line_1_14' title="bbox 266 1411 2017 1497; baseline 0.007 -27"><span class='ocrx_word' id='word_1_80' title='bbox 266 1411 936 1494; x_wconf 78' lang='grc' dir='ltr'>Ἡμεῖςὸμολογοῦμεν</span> <span class='ocrx_word' id='word_1_81' title='bbox 993 1413 1095 1475; x_wconf 83' lang='grc' dir='ltr'>ἕνα</span> <span class='ocrx_word' id='word_1_82' title='bbox 1151 1415 1335 1492; x_wconf 91' lang='grc' dir='ltr'>μόνον</span> <span class='ocrx_word' id='word_1_83' title='bbox 1393 1417 1674 1497; x_wconf 90' lang='grc' dir='ltr'>Μεσίτην</span> <span class='ocrx_word' id='word_1_84' title='bbox 1724 1420 1857 1480; x_wconf 88' lang='grc' dir='ltr'>θεοῦ</span> <span class='ocrx_word' id='word_1_85' title='bbox 1917 1422 2017 1482; x_wconf 80' lang='grc' dir='ltr'>καὶ</span> 
     </span>
     <span class='ocr_line' id='line_1_15' title="bbox 184 1507 2017 1593; baseline 0.006 -25"><span class='ocrx_word' id='word_1_86' title='bbox 184 1509 523 1591; x_wconf 87' lang='grc' dir='ltr'>ἀνθρώπων,</span> <span class='ocrx_word' id='word_1_87' title='bbox 570 1507 918 1590; x_wconf 70' lang='grc' dir='ltr'>’Ἄνθρωπον</span> <span class='ocrx_word' id='word_1_88' title='bbox 967 1510 1218 1589; x_wconf 80' lang='grc' dir='ltr'>Ἰησοῦν</span> <span class='ocrx_word' id='word_1_89' title='bbox 1263 1516 1552 1593; x_wconf 79' lang='grc' dir='ltr'>Χριστὸν,</span> <span class='ocrx_word' id='word_1_90' title='bbox 1602 1515 1666 1580; x_wconf 82' lang='grc' dir='ltr'>ὅς</span> <span class='ocrx_word' id='word_1_91' title='bbox 1709 1519 1877 1577; x_wconf 85' lang='grc' dir='ltr'>ἐστιν</span> <span class='ocrx_word' id='word_1_92' title='bbox 1921 1519 2017 1579; x_wconf 82' lang='grc' dir='ltr'>ἐπὶ</span> 
     </span>
     <span class='ocr_line' id='line_1_16' title="bbox 183 1607 2013 1690; baseline 0.005 -25"><span class='ocrx_word' id='word_1_93' title='bbox 183 1607 414 1666; x_wconf 81' lang='grc' dir='ltr'>πάντων</span> <span class='ocrx_word' id='word_1_94' title='bbox 449 1608 595 1671; x_wconf 82' lang='grc' dir='ltr'>Θεὸς</span> <span class='ocrx_word' id='word_1_95' title='bbox 626 1609 945 1686; x_wconf 81' lang='grc' dir='ltr'>εὐλογητὸς</span> <span class='ocrx_word' id='word_1_96' title='bbox 978 1609 1058 1672; x_wconf 82' lang='grc' dir='ltr'>εἷς</span> <span class='ocrx_word' id='word_1_97' title='bbox 1087 1609 1224 1673; x_wconf 82' lang='grc' dir='ltr'>τοὺς</span> <span class='ocrx_word' id='word_1_98' title='bbox 1256 1610 1489 1674; x_wconf 80' lang='grc' dir='ltr'>αἰῶνας.</span> <span class='ocrx_word' id='word_1_99' title='bbox 1566 1610 2013 1690; x_wconf 86' lang='grc' dir='ltr'>Ἀπωθούμεθα,</span> 
     </span>
     <span class='ocr_line' id='line_1_17' title="bbox 183 1703 2017 1791; baseline 0.005 -29"><span class='ocrx_word' id='word_1_100' title='bbox 183 1705 260 1768; x_wconf 86' lang='grc' dir='ltr'>ὡς</span> <span class='ocrx_word' id='word_1_101' title='bbox 290 1703 550 1764; x_wconf 88' lang='grc' dir='ltr'>ἐναντίον</span> <span class='ocrx_word' id='word_1_102' title='bbox 578 1705 706 1769; x_wconf 77' lang='grc' dir='ltr'>ταῖς</span> <span class='ocrx_word' id='word_1_103' title='bbox 735 1706 1006 1784; x_wconf 83' lang='grc' dir='ltr'>Γραφαῖς</span> <span class='ocrx_word' id='word_1_104' title='bbox 1039 1705 1138 1764; x_wconf 81' lang='grc' dir='ltr'>καὶ</span> <span class='ocrx_word' id='word_1_105' title='bbox 1167 1707 1240 1786; x_wconf 78' lang='grc' dir='ltr'>τῇ</span> <span class='ocrx_word' id='word_1_106' title='bbox 1274 1707 1567 1788; x_wconf 85' lang='grc' dir='ltr'>καθολικῇ</span> <span class='ocrx_word' id='word_1_107' title='bbox 1602 1710 1866 1791; x_wconf 74' lang='grc' dir='ltr'>ἀληθείᾳ,</span> <span class='ocrx_word' id='word_1_108' title='bbox 1898 1713 2017 1771; x_wconf 75' lang='grc' dir='ltr'>πᾶν</span> 
     </span>
     <span class='ocr_line' id='line_1_18' title="bbox 182 1799 2013 1882; baseline 0.004 -22"><span class='ocrx_word' id='word_1_109' title='bbox 182 1802 379 1861; x_wconf 80' lang='grc' dir='ltr'>ὁτιοῦν</span> <span class='ocrx_word' id='word_1_110' title='bbox 427 1799 641 1881; x_wconf 80' lang='grc' dir='ltr'>δόγμα,</span> <span class='ocrx_word' id='word_1_111' title='bbox 697 1801 841 1881; x_wconf 81' lang='grc' dir='ltr'>ὅπερ</span> <span class='ocrx_word' id='word_1_112' title='bbox 903 1803 1259 1863; x_wconf 80' lang='grc' dir='ltr'>καθιστάναι</span> <span class='ocrx_word' id='word_1_113' title='bbox 1320 1803 1538 1869; x_wconf 79' lang='grc' dir='ltr'>ἄλλους</span> <span class='ocrx_word' id='word_1_114' title='bbox 1587 1808 1840 1882; x_wconf 89' lang='grc' dir='ltr'>μεσίτας</span> <span class='ocrx_word' id='word_1_115' title='bbox 1892 1809 2013 1869; x_wconf 84' lang='grc' dir='ltr'>ἀντ’</span> 
     </span>
     <span class='ocr_line' id='line_1_19' title="bbox 180 1896 2015 1982; baseline 0.005 -27"><span class='ocrx_word' id='word_1_116' title='bbox 180 1896 447 1956; x_wconf 88' lang='grc' dir='ltr'>Ἐκείνου</span> <span class='ocrx_word' id='word_1_117' title='bbox 465 1898 826 1975; x_wconf 85' lang='grc' dir='ltr'>τολμήσειεν</span> <span class='ocrx_word' id='word_1_118' title='bbox 859 1897 946 1965; x_wconf 85' lang='grc' dir='ltr'>ἂν,</span> <span class='ocrx_word' id='word_1_119' title='bbox 979 1897 1017 1976; x_wconf 84' lang='grc' dir='ltr'>ἦ</span> <span class='ocrx_word' id='word_1_120' title='bbox 1050 1900 1325 1979; x_wconf 78' lang='grc' dir='ltr'>ἀφαιρεῖν</span> <span class='ocrx_word' id='word_1_121' title='bbox 1355 1902 1552 1960; x_wconf 82' lang='grc' dir='ltr'>ὁτιοῦν</span> <span class='ocrx_word' id='word_1_122' title='bbox 1572 1903 1689 1962; x_wconf 82' lang='grc' dir='ltr'>ἀπὸ</span> <span class='ocrx_word' id='word_1_123' title='bbox 1721 1906 1825 1981; x_wconf 84' lang='grc' dir='ltr'>τῆς</span> <span class='ocrx_word' id='word_1_124' title='bbox 1858 1905 2015 1982; x_wconf 82' lang='grc' dir='ltr'>θείας</span> 
     </span>
     <span class='ocr_line' id='line_1_20' title="bbox 180 1995 2013 2081; baseline 0.004 -29"><span class='ocrx_word' id='word_1_125' title='bbox 180 1995 638 2074; x_wconf 88' lang='grc' dir='ltr'>μεγαλειότητος</span> <span class='ocrx_word' id='word_1_126' title='bbox 687 1996 791 2053; x_wconf 88' lang='grc' dir='ltr'>τοῦ</span> <span class='ocrx_word' id='word_1_127' title='bbox 835 1997 1231 2074; x_wconf 87' lang='grc' dir='ltr'>πληρώματος</span> <span class='ocrx_word' id='word_1_128' title='bbox 1275 1999 1380 2074; x_wconf 84' lang='grc' dir='ltr'>τῆς</span> <span class='ocrx_word' id='word_1_129' title='bbox 1428 1997 1704 2076; x_wconf 86' lang='grc' dir='ltr'>θεότητος</span> <span class='ocrx_word' id='word_1_130' title='bbox 1750 2002 1809 2058; x_wconf 87' lang='grc' dir='ltr'>ἐν</span> <span class='ocrx_word' id='word_1_131' title='bbox 1843 2003 2013 2081; x_wconf 72' lang='grc' dir='ltr'>Αὐτῷ</span> 
     </span>
     <span class='ocr_line' id='line_1_21' title="bbox 184 2090 2013 2177; baseline 0.003 -27"><span class='ocrx_word' id='word_1_132' title='bbox 184 2094 613 2158; x_wconf 88' lang='grc' dir='ltr'>κατοικοῦντος,</span> <span class='ocrx_word' id='word_1_133' title='bbox 648 2090 747 2150; x_wconf 79' lang='grc' dir='ltr'>καὶ</span> <span class='ocrx_word' id='word_1_134' title='bbox 790 2092 966 2169; x_wconf 86' lang='grc' dir='ltr'>τιμὴν</span> <span class='ocrx_word' id='word_1_135' title='bbox 1008 2091 1252 2174; x_wconf 77' lang='grc' dir='ltr'>ἄπειρον</span> <span class='ocrx_word' id='word_1_136' title='bbox 1282 2096 1647 2175; x_wconf 75' lang='grc' dir='ltr'>παρέχοντος</span> <span class='ocrx_word' id='word_1_137' title='bbox 1685 2097 1759 2176; x_wconf 81' lang='grc' dir='ltr'>τῇ</span> <span class='ocrx_word' id='word_1_138' title='bbox 1789 2097 2013 2177; x_wconf 81' lang='grc' dir='ltr'>ἀμώμῳ</span> 
     </span>
     <span class='ocr_line' id='line_1_22' title="bbox 183 2186 2013 2270; baseline 0.004 -23"><span class='ocrx_word' id='word_1_139' title='bbox 183 2187 372 2267; x_wconf 85' lang='grc' dir='ltr'>ἐκείνῃ</span> <span class='ocrx_word' id='word_1_140' title='bbox 425 2187 623 2268; x_wconf 72' lang='grc' dir='ltr'>θυσίᾳ,</span> <span class='ocrx_word' id='word_1_141' title='bbox 655 2188 726 2268; x_wconf 81' lang='grc' dir='ltr'>τῇ</span> <span class='ocrx_word' id='word_1_142' title='bbox 776 2186 944 2260; x_wconf 77' lang='grc' dir='ltr'>ἅπαξ</span> <span class='ocrx_word' id='word_1_143' title='bbox 989 2188 1083 2248; x_wconf 85' lang='grc' dir='ltr'>ὑπ’</span> <span class='ocrx_word' id='word_1_144' title='bbox 1128 2190 1323 2248; x_wconf 79' lang='grc' dir='ltr'>Αὐτοῦ</span> <span class='ocrx_word' id='word_1_145' title='bbox 1372 2190 1517 2270; x_wconf 78' lang='grc' dir='ltr'>ὑπὲρ</span> <span class='ocrx_word' id='word_1_146' title='bbox 1569 2192 1674 2251; x_wconf 86' lang='grc' dir='ltr'>τοῦ</span> <span class='ocrx_word' id='word_1_147' title='bbox 1721 2193 1864 2253; x_wconf 83' lang='grc' dir='ltr'>ὅλου</span> <span class='ocrx_word' id='word_1_148' title='bbox 1908 2196 2013 2254; x_wconf 86' lang='grc' dir='ltr'>τοῦ</span> 
     </span>
     <span class='ocr_line' id='line_1_23' title="bbox 184 2281 1748 2368; baseline 0.003 -26"><span class='ocrx_word' id='word_1_149' title='bbox 184 2286 422 2363; x_wconf 90' lang='grc' dir='ltr'>κόσμου</span> <span class='ocrx_word' id='word_1_150' title='bbox 454 2284 754 2363; x_wconf 81' lang='grc' dir='ltr'>ἁμαρτιῶν</span> <span class='ocrx_word' id='word_1_151' title='bbox 782 2284 876 2343; x_wconf 77' lang='grc' dir='ltr'>ἐπὶ</span> <span class='ocrx_word' id='word_1_152' title='bbox 909 2281 1181 2362; x_wconf 85' lang='grc' dir='ltr'>σταυροῦ</span> <span class='ocrx_word' id='word_1_153' title='bbox 1212 2287 1748 2368; x_wconf 79' lang='grc' dir='ltr'>προσενεχθείσης.</span> 
     </span>
    </p>

    <p class='ocr_par' dir='ltr' id='par_1_5' title="bbox 179 2380 2069 2850">
     <span class='ocr_line' id='line_1_24' title="bbox 265 2380 2013 2467; baseline 0.004 -27"><span class='ocrx_word' id='word_1_154' title='bbox 265 2384 700 2462; x_wconf 90' lang='grc' dir='ltr'>Χρεωστοῦμεν</span> <span class='ocrx_word' id='word_1_155' title='bbox 747 2380 849 2441; x_wconf 76' lang='grc' dir='ltr'>οῦν</span> <span class='ocrx_word' id='word_1_156' title='bbox 900 2383 1191 2441; x_wconf 82' lang='grc' dir='ltr'>νουθετεῖν</span> <span class='ocrx_word' id='word_1_157' title='bbox 1235 2383 1370 2447; x_wconf 83' lang='grc' dir='ltr'>τοὺς</span> <span class='ocrx_word' id='word_1_158' title='bbox 1421 2385 1689 2451; x_wconf 83' lang='grc' dir='ltr'>πιστοὺς,</span> <span class='ocrx_word' id='word_1_159' title='bbox 1721 2388 1787 2446; x_wconf 82' lang='grc' dir='ltr'>τὸ</span> <span class='ocrx_word' id='word_1_160' title='bbox 1836 2387 2013 2467; x_wconf 80' lang='grc' dir='ltr'>ἔργον</span> 
     </span>
     <span class='ocr_line' id='line_1_25' title="bbox 181 2477 2010 2560; baseline 0.003 -22"><span class='ocrx_word' id='word_1_161' title='bbox 181 2480 213 2538; x_wconf 83' lang='grc' dir='ltr'>ὁ</span> <span class='ocrx_word' id='word_1_162' title='bbox 266 2477 699 2560; x_wconf 80' lang='grc' dir='ltr'>κατείργασται</span> <span class='ocrx_word' id='word_1_163' title='bbox 750 2479 782 2538; x_wconf 84' lang='grc' dir='ltr'><em>ὅ</em></span> <span class='ocrx_word' id='word_1_164' title='bbox 839 2481 944 2556; x_wconf 83' lang='grc' dir='ltr'>τῆς</span> <span class='ocrx_word' id='word_1_165' title='bbox 1001 2477 1234 2558; x_wconf 68' lang='grc' dir='ltr'>εΡώμης</span> <span class='ocrx_word' id='word_1_166' title='bbox 1295 2480 1625 2546; x_wconf 78' lang='grc' dir='ltr'>ἐπίσκοπος</span> <span class='ocrx_word' id='word_1_167' title='bbox 1677 2482 1790 2542; x_wconf 82' lang='grc' dir='ltr'>ἔτει</span> <span class='ocrx_word' id='word_1_168' title='bbox 1850 2485 2010 2546; x_wconf 80' lang='grc'>1870</span> 
     </span>
     <span class='ocr_line' id='line_1_26' title="bbox 182 2574 2009 2658; baseline 0.003 -23"><span class='ocrx_word' id='word_1_169' title='bbox 182 2577 242 2635; x_wconf 86' lang='grc' dir='ltr'>ἐν</span> <span class='ocrx_word' id='word_1_170' title='bbox 292 2576 365 2656; x_wconf 83' lang='grc' dir='ltr'>τῇ</span> <span class='ocrx_word' id='word_1_171' title='bbox 421 2577 726 2656; x_wconf 83' lang='grc' dir='ltr'>Βατικανῇ</span> <span class='ocrx_word' id='word_1_172' title='bbox 781 2574 1036 2655; x_wconf 79' lang='grc' dir='ltr'>συνόδῳ,</span> <span class='ocrx_word' id='word_1_173' title='bbox 1088 2574 1160 2635; x_wconf 82' lang='grc' dir='ltr'>δι’</span> <span class='ocrx_word' id='word_1_174' title='bbox 1223 2576 1293 2636; x_wconf 73' lang='grc' dir='ltr'>οὗ</span> <span class='ocrx_word' id='word_1_175' title='bbox 1353 2577 1648 2658; x_wconf 76' lang='grc' dir='ltr'>ὑπεροχῆς</span> <span class='ocrx_word' id='word_1_176' title='bbox 1706 2580 2009 2658; x_wconf 87' lang='grc' dir='ltr'>ἀντεποιή-</span> 
     </span>
     <span class='ocr_line' id='line_1_27' title="bbox 183 2670 2069 2751; baseline 0.003 -21"><span class='ocrx_word' id='word_1_177' title='bbox 183 2697 338 2731; x_wconf 91' lang='grc' dir='ltr'>σατο</span> <span class='ocrx_word' id='word_1_178' title='bbox 386 2670 533 2751; x_wconf 81' lang='grc' dir='ltr'>ὑπὲρ</span> <span class='ocrx_word' id='word_1_179' title='bbox 590 2671 826 2731; x_wconf 79' lang='grc' dir='ltr'>πάντων</span> <span class='ocrx_word' id='word_1_180' title='bbox 885 2672 1225 2751; x_wconf 85' lang='grc' dir='ltr'>ἀνθρώπων,</span> <span class='ocrx_word' id='word_1_181' title='bbox 1278 2673 1401 2750; x_wconf 90' lang='grc' dir='ltr'>τήν.</span> <span class='ocrx_word' id='word_1_182' title='bbox 1432 2699 1492 2732; x_wconf 90' lang='grc' dir='ltr'>τε</span> <span class='ocrx_word' id='word_1_183' title='bbox 1540 2675 1746 2734; x_wconf 87' lang='grc' dir='ltr'>πίστιν</span> <span class='ocrx_word' id='word_1_184' title='bbox 1795 2675 1894 2734; x_wconf 82' lang='grc' dir='ltr'>καὶ</span> <span class='ocrx_word' id='word_1_185' title='bbox 1937 2676 2010 2735; x_wconf 82' lang='grc' dir='ltr'>τὰ</span> <span class='ocrx_word' id='word_1_186' title='bbox 2065 2737 2069 2740; x_wconf 82' lang='lat'><strong>.</strong></span> 
     </span>
     <span class='ocr_line' id='line_1_28' title="bbox 179 2765 2007 2850; baseline 0.002 -25"><span class='ocrx_word' id='word_1_187' title='bbox 179 2765 320 2845; x_wconf 85' lang='grc' dir='ltr'>ἤθη,</span> <span class='ocrx_word' id='word_1_188' title='bbox 417 2766 512 2826; x_wconf 84' lang='grc' dir='ltr'>ἐπὶ</span> <span class='ocrx_word' id='word_1_189' title='bbox 603 2768 999 2848; x_wconf 84' lang='grc' dir='ltr'>προσχήματι</span> <span class='ocrx_word' id='word_1_190' title='bbox 1082 2769 1463 2847; x_wconf 87' lang='grc' dir='ltr'>ἀπλανησίας</span> <span class='ocrx_word' id='word_1_191' title='bbox 1541 2771 1728 2849; x_wconf 75' lang='grc' dir='ltr'>ἑαυτῷ</span> <span class='ocrx_word' id='word_1_192' title='bbox 1828 2773 2007 2850; x_wconf 85' lang='grc' dir='ltr'>ἐφαρ-</span> 
     </span>
    </p>

    <p class='ocr_par' dir='ltr' id='par_1_6' title="bbox 104 2863 2007 3040">
     <span class='ocr_line' id='line_1_29' title="bbox 181 2863 2007 2945; baseline 0.002 -23"><span class='ocrx_word' id='word_1_193' title='bbox 181 2863 543 2941; x_wconf 86' lang='grc' dir='ltr'>πασθείσης,</span> <span class='ocrx_word' id='word_1_194' title='bbox 595 2864 939 2940; x_wconf 83' lang='grc' dir='ltr'>ἐπέμβασιν</span> <span class='ocrx_word' id='word_1_195' title='bbox 991 2865 1297 2944; x_wconf 85' lang='grc' dir='ltr'>γεγονέναι</span> <span class='ocrx_word' id='word_1_196' title='bbox 1354 2867 1468 2924; x_wconf 89' lang='grc' dir='ltr'>τῶν</span> <span class='ocrx_word' id='word_1_197' title='bbox 1527 2865 1871 2943; x_wconf 79' lang='grc' dir='ltr'>ἀξιωμάτων</span> <span class='ocrx_word' id='word_1_198' title='bbox 1928 2867 2007 2945; x_wconf 73' lang='grc' dir='ltr'>τῷ</span> 
     </span>
     <span class='ocr_line' id='line_1_30' title="bbox 104 2950 1376 3040; baseline 0.002 -24"><span class='ocrx_word' id='word_1_199' title='bbox 104 2950 107 2951; x_wconf 26' lang='lat'><em>⁷</em></span> <span class='ocrx_word' id='word_1_200' title='bbox 181 2959 378 3038; x_wconf 82' lang='grc' dir='ltr'>Κυρίῳ</span> <span class='ocrx_word' id='word_1_201' title='bbox 406 2958 619 3028; x_wconf 86' lang='grc' dir='ltr'>Ἰησοῦ</span> <span class='ocrx_word' id='word_1_202' title='bbox 649 2961 897 3040; x_wconf 74' lang='grc' dir='ltr'>Χριστῷ</span> <span class='ocrx_word' id='word_1_203' title='bbox 927 2963 1376 3040; x_wconf 90' lang='grc' dir='ltr'>προσηκόντων.</span> 
     </span>
    </p>

    <p class='ocr_par' dir='ltr' id='par_1_7' title="bbox 178 3054 2004 3517">
     <span class='ocr_line' id='line_1_31' title="bbox 263 3054 2001 3133; baseline 0.002 -21"><span class='ocrx_word' id='word_1_204' title='bbox 263 3056 552 3133; x_wconf 86' lang='grc' dir='ltr'>Γνώριμοι</span> <span class='ocrx_word' id='word_1_205' title='bbox 597 3054 788 3114; x_wconf 77' lang='grc' dir='ltr'>πᾶσίν</span> <span class='ocrx_word' id='word_1_206' title='bbox 832 3055 989 3114; x_wconf 77' lang='grc' dir='ltr'>εἰσιν</span> <span class='ocrx_word' id='word_1_207' title='bbox 1040 3054 1096 3114; x_wconf 78' lang='grc' dir='ltr'>οἱ</span> <span class='ocrx_word' id='word_1_208' title='bbox 1143 3056 1399 3128; x_wconf 87' lang='grc' dir='ltr'>κανόνες,</span> <span class='ocrx_word' id='word_1_209' title='bbox 1455 3056 1586 3115; x_wconf 87' lang='grc' dir='ltr'>καθ’</span> <span class='ocrx_word' id='word_1_210' title='bbox 1635 3056 1736 3120; x_wconf 74' lang='grc' dir='ltr'>οὓς</span> <span class='ocrx_word' id='word_1_211' title='bbox 1780 3058 1817 3132; x_wconf 84' lang='grc' dir='ltr'>ἡ</span> <span class='ocrx_word' id='word_1_212' title='bbox 1866 3054 2001 3132; x_wconf 85' lang='grc' dir='ltr'>Ἀγ-</span> 
     </span>
     <span class='ocr_line' id='line_1_32' title="bbox 178 3150 2001 3233; baseline 0.002 -25"><span class='ocrx_word' id='word_1_213' title='bbox 178 3150 434 3229; x_wconf 89' lang='grc' dir='ltr'>γλικανὴ</span> <span class='ocrx_word' id='word_1_214' title='bbox 513 3150 859 3227; x_wconf 82' lang='grc' dir='ltr'>Ἐκκλησία</span> <span class='ocrx_word' id='word_1_215' title='bbox 938 3150 1152 3226; x_wconf 83' lang='grc' dir='ltr'>ἑαυτὴν</span> <span class='ocrx_word' id='word_1_216' title='bbox 1221 3152 1706 3233; x_wconf 88' lang='grc' dir='ltr'>μετερρύθμισεν.</span> <span class='ocrx_word' id='word_1_217' title='bbox 1837 3150 2001 3207; x_wconf 83' lang='grc' dir='ltr'>Ἀνα-</span> 
     </span>
     <span class='ocr_line' id='line_1_33' title="bbox 182 3245 2004 3324; baseline -0.001 -21"><span class='ocrx_word' id='word_1_218' title='bbox 182 3246 543 3324; x_wconf 90' lang='grc' dir='ltr'>κηρύττομεν</span> <span class='ocrx_word' id='word_1_219' title='bbox 599 3246 707 3322; x_wconf 88' lang='grc' dir='ltr'>τὴν</span> <span class='ocrx_word' id='word_1_220' title='bbox 766 3245 1119 3324; x_wconf 80' lang='grc' dir='ltr'>αὐτάρκειαν</span> <span class='ocrx_word' id='word_1_221' title='bbox 1193 3246 1290 3304; x_wconf 82' lang='grc' dir='ltr'>καὶ</span> <span class='ocrx_word' id='word_1_222' title='bbox 1362 3247 1468 3323; x_wconf 87' lang='grc' dir='ltr'>τὴν</span> <span class='ocrx_word' id='word_1_223' title='bbox 1538 3245 1835 3324; x_wconf 83' lang='grc' dir='ltr'>ὑπεροχὴν</span> <span class='ocrx_word' id='word_1_224' title='bbox 1892 3245 2004 3301; x_wconf 91' lang='grc' dir='ltr'>τῶν</span> 
     </span>
     <span class='ocr_line' id='line_1_34' title="bbox 181 3337 2004 3421; baseline -0.002 -23"><span class='ocrx_word' id='word_1_225' title='bbox 181 3340 350 3421; x_wconf 76' lang='grc' dir='ltr'>ἱερῶν</span> <span class='ocrx_word' id='word_1_226' title='bbox 407 3342 680 3421; x_wconf 86' lang='grc' dir='ltr'>Γραφῶν,</span> <span class='ocrx_word' id='word_1_227' title='bbox 738 3342 811 3403; x_wconf 82' lang='grc' dir='ltr'>ὡς</span> <span class='ocrx_word' id='word_1_228' title='bbox 871 3339 1187 3420; x_wconf 83' lang='grc' dir='ltr'>ὁριστικὴν</span> <span class='ocrx_word' id='word_1_229' title='bbox 1244 3342 1502 3405; x_wconf 89' lang='grc' dir='ltr'>πίστεως</span> <span class='ocrx_word' id='word_1_230' title='bbox 1560 3340 1849 3415; x_wconf 85' lang='grc' dir='ltr'>στάθμην,</span> <span class='ocrx_word' id='word_1_231' title='bbox 1906 3337 2004 3396; x_wconf 83' lang='grc' dir='ltr'>καὶ</span> 
     </span>
     <span class='ocr_line' id='line_1_35' title="bbox 180 3434 2004 3517; baseline -0.002 -22"><span class='ocrx_word' id='word_1_232' title='bbox 180 3437 261 3515; x_wconf 79' lang='grc' dir='ltr'><em>τῷ</em></span> <span class='ocrx_word' id='word_1_233' title='bbox 332 3437 597 3517; x_wconf 82' lang='grc' dir='ltr'>ἡμετέρῳ</span> <span class='ocrx_word' id='word_1_234' title='bbox 671 3437 794 3515; x_wconf 80' lang='grc' dir='ltr'>λαῷ</span> <span class='ocrx_word' id='word_1_235' title='bbox 859 3437 1364 3516; x_wconf 88' lang='grc' dir='ltr'>παραγγέλλομεν</span> <span class='ocrx_word' id='word_1_236' title='bbox 1422 3434 1759 3497; x_wconf 79' lang='grc' dir='ltr'>σπουδαίαν</span> <span class='ocrx_word' id='word_1_237' title='bbox 1817 3435 2004 3494; x_wconf 80' lang='grc' dir='ltr'>αὐτῶν</span> 
     </span>
    </p>
   </div>
  </div>
 </body>
</html>
