2372 3760
280 59 308 101 8
794 47 1054 107 Ἐπιστολὴ
1078 44 1270 92 Ἑκατὸν
1293 42 1590 91 Ἐπισκόπων

280 204 429 284 πρὸς
486 200 593 278 τὴν
652 199 911 275 σύναψιν
981 198 1096 255 τῶν
1158 193 1585 275 χριστιανικῶν
1657 191 1937 270 ἑταιριῶν·
2014 187 2113 248 καὶ

285 299 477 362 καλῶς
537 294 899 374 μεμνημένοι
973 291 1062 352 ὅτι
1133 292 1199 350 τὸ
1271 290 1559 368 ἡμέτερον
1615 289 1729 346 τῶν
1803 283 2114 362 δημοσίων

284 396 640 475 προσευχῶν
696 389 961 465 βιβλίον,
1022 388 1171 465 μετά
1228 413 1397 446 τινων
1448 384 1584 445 οἵων
1637 382 1855 460 δήποτε
1916 383 2114 440 ἀλλοι-

287 493 491 552 ώσεων
547 492 607 549 ἐν
653 487 881 552 πάσαις
931 486 1241 565 ἡμετέραις
1301 481 1650 560 ἐκκλησίαις
1702 479 2113 560 κατεχόμενον,

289 588 585 669 ἐξαίρετόν
641 610 699 646 τι
757 587 1028 662 ἑνότητος
1084 582 1298 662 γέγονε
1357 579 1777 659 φυλακτήριον,
1827 576 2117 636 νουθετεῖν

288 684 566 764 ἀξιοῦμεν
595 682 730 748 τοὺς
758 679 1117 761 ἡμεδαποὺς,
1142 677 1409 757 ὅτιγαῦτη
1430 677 1467 754 ἡ
1502 675 1825 756 θρησκείας
1846 672 2118 734 κοινωνία

291 781 614 844 κινδυνεύοι
660 779 730 840 ἂν
774 776 1174 856 λυμαίνεσθαι
1219 773 1292 835 δι’
1331 774 1742 856 ὑπερβολικῶν
1785 769 2120 851 ἱερουργίας

289 877 737 959 παραλλάξεων·
812 875 891 934 ‘H
915 872 1242 954 ἐσωτερικὴ
1273 872 1381 950 μὲν
1410 872 1524 930 τῶν
1555 869 1894 946 ἐκκλησιῶν
1918 867 2120 944 ἑνότης

291 976 473 1056 ταύτῃ
502 975 576 1056 τῇ
624 971 950 1054 θρησκείας
996 970 1286 1049 κοινωνίᾳ,
1321 968 1513 1032 καθὼς
1556 964 1939 1042 πεποίθαμεν,
1971 963 2118 1041 ὑπη-

288 1075 550 1155 ρετήσει·
612 1069 741 1130 ἀλλ’
803 1069 976 1148 ὅμως,
1043 1067 1283 1148 (καίπερ
1328 1066 1656 1128 ἐννοοῦντες
1702 1062 1790 1123 ὅτι
1846 1060 1979 1122 τοία
2036 1085 2121 1124 τις

293 1168 644 1248 ἀμφιλαφὴς
666 1168 1087 1246 λειτουργικῶν
1116 1166 1360 1223 τελετῶν
1384 1160 1684 1241 ἐλευθερία
1706 1157 1907 1239 αἱρετή
1937 1160 2120 1223 ἐστιν,

292 1265 390 1327 οἵα
446 1265 675 1329 πάσαις
730 1264 857 1328 ταῖς
908 1261 1183 1339 νομίμαις
1229 1260 1673 1340 θρησκευτικῶν
1733 1255 2124 1334 αἰσθημάτων

295 1360 675 1434 ἀποδείξεσιν
749 1358 1113 1440 εὐρυχωρίαν
1187 1355 1258 1416 ἂν
1338 1352 1714 1437 χαρίσαιτο,)
1799 1351 1906 1429 τὴν
1979 1352 2122 1410 ἀπο-

297 1459 587 1536 στολικὴν
654 1455 1065 1537 παραγγελίαν
1139 1451 1595 1529 ἐπικαλούμεθα,
1670 1449 1920 1508 ς(πάντα
1976 1450 2125 1528 πρὸς

297 1554 620 1634 οἰκοδομὴν
663 1551 1025 1635 γιγνέσθω,”
1078 1550 1177 1610 καὶ
1226 1551 1328 1610 τὸν
1374 1548 1694 1607 καθολικὸν
1740 1547 1959 1606 κανόνα
2006 1549 2124 1606 ἐπι-

295 1651 734 1733 μαρτυρόμεθα,
768 1651 871 1710 τὸν
917 1647 1247 1729 διορίζοντα
1294 1643 1567 1717 εὐταξίαν
1612 1643 1712 1703 καὶ
1755 1644 2124 1725 πειθαρχίαν,

303 1749 516 1829 καίπερ
574 1746 697 1827 μετ’
760 1744 1262 1826 αὐταπαρνήσεως
1323 1741 1483 1803 ἰδίων
1540 1741 1969 1823 προσκλίσεων
2029 1739 2127 1801 καὶ

299 1846 650 1922 αἰσθήσεων
724 1841 1172 1919 ἀποδιδομένας,
1235 1843 1310 1904 ὡς
1380 1841 1801 1920 χριστιανικῆς
1860 1838 2128 1916 ἑνότητος

301 1941 561 2019 θεμέλια,
613 1939 712 2000 καὶ
765 1941 839 2004 ὡς
892 1938 1218 2019 ἀναγκαίας
1274 1939 1425 2018 πρὸς
1483 1937 1662 2014 αὐτῆς
1712 1937 1815 2013 τῆς
1872 1935 2128 1997 πίστεως

299 2040 624 2119 νικηφόρον
682 2037 1106 2118 ὑπεράσπισιν.
1227 2035 1560 2115 Τοιγαροῦν
1634 2034 1702 2093 οὗ
1769 2031 2129 2110 παυσόμεθα

300 2138 542 2195 τοιαῦτα
608 2134 1012 2197 νουθετοῦντες
1083 2130 1221 2214 πρὶν
1294 2131 1644 2209 ἐκφωνῆσαι
1717 2130 1952 2192 ἐκτενῶς
2023 2126 2130 2204 τὴν

304 2229 530 2299 ἐλπίδα,
546 2231 634 2290 ὅτι
654 2230 845 2290 πάντα
869 2232 982 2289 τῶν
1005 2229 1302 2309 ἡμετέρων
1327 2227 1663 2304 ἐκκλησιῶν
1685 2226 1875 2291 τέκνα,
1899 2223 2131 2288 ὁποίαις
2211 2300 2214 2303 ι

304 2326 466 2387 τισὶν
518 2326 621 2386 οῦν
683 2326 952 2405 θεωρίαις
998 2324 1374 2405 διαφέροντα,
1426 2323 1756 2400 μέλλουσιν
1815 2321 2131 2400 ὁμολογεῖν

304 2423 370 2481 τὸ
418 2423 680 2499 καθῆκον
723 2424 825 2481 τοῦ
870 2420 1357 2486 ὑποτάσσεσθαι,
1391 2417 1489 2478 διὰ
1531 2417 1638 2494 τὴν
1670 2416 2038 2495 συνείδησιν,
2071 2419 2131 2476 ἐν

310 2519 557 2595 θεσμοῖς
589 2517 688 2577 καὶ
710 2519 966 2581 τελεταῖς
989 2516 1465 2598 θρησκευτικαῖς,
1492 2515 1619 2578 ταῖς
1644 2512 2132 2585 ἐξουσιαστικαῖς

309 2615 590 2696 κρίσεσιν
619 2615 723 2690 τῆς
751 2615 996 2693 μερικῆς
1038 2611 1075 2690 ἢ
1123 2612 1353 2689 ἐθνικῆς
1393 2610 1734 2688 ἐκκλησίας,
1769 2609 1866 2689 ὑφ’
1903 2609 1974 2687 ἧς
2006 2610 2132 2691 θείᾳ,

309 2711 560 2792 προνοίᾳ
617 2710 967 2790 τυγχάνωσι
1027 2709 1456 2787 κατῳκισμένα·
1525 2707 1624 2766 καὶ
1676 2707 1764 2767 ὅτι
1814 2706 2133 2787 ἀφέξονται

308 2809 523 2871 παντὸς
608 2807 957 2887 πράγιιατος
1044 2805 1123 2869 εἷς
1205 2804 1602 2885 ἀλλοτρίωσιν
1688 2802 1725 2881 ἢ
1815 2805 2134 2885 ἐρεθισμὸν

309 2905 614 2972 τείνοντος,
656 2902 755 2961 καί
808 2903 1112 2982 οσήμερον
1159 2900 1382 2982 θερμῶς
1425 2899 1877 2980 προσεύξονται,
1930 2899 2023 2960 ἵνα
2065 2903 2132 2961 τὸ

312 2998 483 3080 ἅγιον
511 3001 758 3076 Πνεῦμα
787 2999 979 3058 πάντα
1019 3000 1121 3076 τῆς
1166 2997 1491 3076 ἐκκλησίας
1531 2998 1684 3076 με’λη
1732 2996 1926 3077 ὁδηγῇ
1958 2997 2037 3062 εἷς
2065 2999 2132 3057 τὸ

314 3096 664 3176 λογίζεσθαι
713 3094 812 3154 καὶ
865 3094 1225 3175 ἐργάζεσθαι
1274 3095 1524 3155 πάντοτε
1572 3093 1611 3153 ἃ
1662 3092 1767 3168 δεῖ,
1822 3093 1922 3154 καὶ
1977 3094 2135 3172 ἡμᾶς

314 3193 537 3257 πάντας
589 3193 865 3271 συνάπτῃ
917 3193 992 3271 τῇ
1045 3189 1444 3271 φιλαδελφικῇ
1495 3191 1681 3272 ἐκείνῃ
1734 3190 1957 3272 ἀγάπῃ,
2008 3188 2135 3266 ἥτις

311 3288 477 3349 ἐστὶν
507 3290 681 3352 αὐτὸς
711 3288 945 3369 εἰρήνης
978 3286 1076 3347 καὶ
1105 3289 1321 3349 πασῶν
1351 3288 1571 3368 ἀρετῶν
1601 3285 1960 3366 σύνδεσμος.
