<?xml version="1.0" encoding="UTF-8"?>
<!DOCTYPE html PUBLIC "-//W3C//DTD XHTML 1.0 Transitional//EN"
    "http://www.w3.org/TR/xhtml1/DTD/xhtml1-transitional.dtd">
<html xmlns="http://www.w3.org/1999/xhtml" xml:lang="en" lang="en">
 <head>
  <title>
</title>
<meta http-equiv="Content-Type" content="text/html;charset=utf-8" />
  <meta name='ocr-system' content='tesseract 3.04.00' />
  <meta name='ocr-capabilities' content='ocr_page ocr_carea ocr_par ocr_line ocrx_word'/>
</head>
<body>
  <div class='ocr_page' id='page_1' title='image "./epistolacentumep00lamb/epistolacentumep00lamb_0028.png"; bbox 0 0 2372 3760; ppageno 0'>
   <div class='ocr_carea' id='block_1_1' title="bbox 258 64 1672 120">
    <p class='ocr_par' dir='ltr' id='par_1_1' title="bbox 258 64 1672 120">
     <span class='ocr_line' id='line_1_1' title="bbox 258 64 1672 120; baseline -0.006 0"><span class='ocrx_word' id='word_1_1' title='bbox 258 64 335 120; x_wconf 79' lang='lat'><strong>20</strong></span> <span class='ocrx_word' id='word_1_2' title='bbox 675 71 946 114; x_wconf 78' lang='lat' dir='ltr'><strong>EPISTOLA</strong></span> <span class='ocrx_word' id='word_1_3' title='bbox 990 70 1226 113; x_wconf 76' lang='lat' dir='ltr'><strong>cENTuM</strong></span> <span class='ocrx_word' id='word_1_4' title='bbox 1272 69 1672 113; x_wconf 79' lang='lat' dir='ltr'>EPISOOPORUM</span> 
     </span>
    </p>
   </div>
   <div class='ocr_carea' id='block_1_2' title="bbox 254 218 2154 3288">
    <p class='ocr_par' dir='ltr' id='par_1_2' title="bbox 255 218 2091 1077">
     <span class='ocr_line' id='line_1_2' title="bbox 255 218 2086 298; baseline -0.005 -13"><span class='ocrx_word' id='word_1_5' title='bbox 255 246 471 286; x_wconf 90' lang='lat' dir='ltr'><strong>rorum</strong></span> <span class='ocrx_word' id='word_1_6' title='bbox 501 230 563 283; x_wconf 91' lang='lat' dir='ltr'><strong>et</strong></span> <span class='ocrx_word' id='word_1_7' title='bbox 607 222 1025 281; x_wconf 90' lang='lat' dir='ltr'><strong>Diaconorum</strong></span> <span class='ocrx_word' id='word_1_8' title='bbox 1053 219 1411 278; x_wconf 69' lang='lat' dir='ltr'><strong>retinemus</strong></span> <span class='ocrx_word' id='word_1_9' title='bbox 1502 218 1917 278; x_wconf 88' lang='lat' dir='ltr'><strong>Ecclesiarum</strong></span> <span class='ocrx_word' id='word_1_10' title='bbox 1948 239 2086 298; x_wconf 88' lang='lat' dir='ltr'><strong>par-</strong></span> 
     </span>
     <span class='ocr_line' id='line_1_3' title="bbox 257 315 2090 394; baseline -0.004 -13"><span class='ocrx_word' id='word_1_11' title='bbox 257 320 613 381; x_wconf 92' lang='lat' dir='ltr'><strong>ticularium</strong></span> <span class='ocrx_word' id='word_1_12' title='bbox 688 319 815 383; x_wconf 84' lang='lat' dir='ltr'><strong>sive</strong></span> <span class='ocrx_word' id='word_1_13' title='bbox 901 315 1310 375; x_wconf 87' lang='lat' dir='ltr'><strong>nationalium</strong></span> <span class='ocrx_word' id='word_1_14' title='bbox 1383 316 1703 376; x_wconf 90' lang='lat' dir='ltr'><strong>libertates</strong></span> <span class='ocrx_word' id='word_1_15' title='bbox 1780 315 2090 394; x_wconf 86' lang='lat' dir='ltr'><strong>legitimas</strong></span> 
     </span>
     <span class='ocr_line' id='line_1_4' title="bbox 258 411 2088 482; baseline -0.005 -4"><span class='ocrx_word' id='word_1_16' title='bbox 258 416 610 478; x_wconf 75' lang='lat' dir='ltr'><strong>asserimus.</strong></span> <span class='ocrx_word' id='word_1_17' title='bbox 702 414 834 473; x_wconf 86' lang='lat' dir='ltr'><strong>Nos</strong></span> <span class='ocrx_word' id='word_1_18' title='bbox 868 413 1128 474; x_wconf 90' lang='lat' dir='ltr'><strong>Librum</strong></span> <span class='ocrx_word' id='word_1_19' title='bbox 1161 411 1599 471; x_wconf 82' lang='lat' dir='ltr'>Communium</span> <span class='ocrx_word' id='word_1_20' title='bbox 1629 412 2088 482; x_wconf 85' lang='lat' dir='ltr'><strong>Precationum,</strong></span> 
     </span>
     <span class='ocr_line' id='line_1_5' title="bbox 256 508 2090 588; baseline -0.004 -14"><span class='ocrx_word' id='word_1_21' title='bbox 256 534 495 574; x_wconf 90' lang='lat' dir='ltr'><strong>necnon</strong></span> <span class='ocrx_word' id='word_1_22' title='bbox 573 510 1147 585; x_wconf 69' lang='lat' dir='ltr'><strong>Administrationis</strong></span> <span class='ocrx_word' id='word_1_23' title='bbox 1224 508 1782 581; x_wconf 79' lang='lat' dir='ltr'><strong>Sacramentorum,</strong></span> <span class='ocrx_word' id='word_1_24' title='bbox 1847 508 2090 588; x_wconf 86' lang='lat' dir='ltr'><strong>populis</strong></span> 
     </span>
     <span class='ocr_line' id='line_1_6' title="bbox 256 607 2091 677; baseline -0.003 -8"><span class='ocrx_word' id='word_1_25' title='bbox 256 611 489 670; x_wconf 88' lang='lat' dir='ltr'><strong>nostris</strong></span> <span class='ocrx_word' id='word_1_26' title='bbox 530 610 595 667; x_wconf 92' lang='lat' dir='ltr'><strong>in</strong></span> <span class='ocrx_word' id='word_1_27' title='bbox 639 628 860 667; x_wconf 90' lang='lat' dir='ltr'><strong>manus</strong></span> <span class='ocrx_word' id='word_1_28' title='bbox 907 607 1146 677; x_wconf 87' lang='lat' dir='ltr'><strong>damus,</strong></span> <span class='ocrx_word' id='word_1_29' title='bbox 1178 607 1513 666; x_wconf 79' lang='lat' dir='ltr'><strong>vernaculo</strong></span> <span class='ocrx_word' id='word_1_30' title='bbox 1558 627 1771 665; x_wconf 93' lang='lat' dir='ltr'><strong>eorum</strong></span> <span class='ocrx_word' id='word_1_31' title='bbox 1812 626 2091 666; x_wconf 77' lang='lat' dir='ltr'><strong>sermone</strong></span> 
     </span>
     <span class='ocr_line' id='line_1_7' title="bbox 256 702 2091 786; baseline -0.004 -19"><span class='ocrx_word' id='word_1_32' title='bbox 256 707 690 786; x_wconf 91' lang='lat' dir='ltr'><strong>compositum,</strong></span> <span class='ocrx_word' id='word_1_33' title='bbox 742 711 805 764; x_wconf 94' lang='lat' dir='ltr'><strong>et</strong></span> <span class='ocrx_word' id='word_1_34' title='bbox 840 705 1024 784; x_wconf 79' lang='lat' dir='ltr'><strong>juxta</strong></span> <span class='ocrx_word' id='word_1_35' title='bbox 1072 703 1309 782; x_wconf 87' lang='lat' dir='ltr'><strong>optima</strong></span> <span class='ocrx_word' id='word_1_36' title='bbox 1356 708 1420 761; x_wconf 89' lang='lat' dir='ltr'><strong>et</strong></span> <span class='ocrx_word' id='word_1_37' title='bbox 1465 703 1896 782; x_wconf 85' lang='lat' dir='ltr'><strong>antiquissima</strong></span> <span class='ocrx_word' id='word_1_38' title='bbox 1948 702 2091 761; x_wconf 88' lang='lat' dir='ltr'><strong>fidei</strong></span> 
     </span>
     <span class='ocr_line' id='line_1_8' title="bbox 256 799 2090 878; baseline -0.003 -14"><span class='ocrx_word' id='word_1_39' title='bbox 256 812 320 864; x_wconf 95' lang='lat' dir='ltr'><strong>et</strong></span> <span class='ocrx_word' id='word_1_40' title='bbox 365 804 556 864; x_wconf 88' lang='lat' dir='ltr'><strong>divini</strong></span> <span class='ocrx_word' id='word_1_41' title='bbox 608 803 810 862; x_wconf 69' lang='lat' dir='ltr'><strong>cultus</strong></span> <span class='ocrx_word' id='word_1_42' title='bbox 857 800 1231 878; x_wconf 81' lang='lat' dir='ltr'><strong>exemplaria</strong></span> <span class='ocrx_word' id='word_1_43' title='bbox 1274 801 1666 860; x_wconf 90' lang='lat' dir='ltr'><strong>adornatum.</strong></span> <span class='ocrx_word' id='word_1_44' title='bbox 1758 800 1910 861; x_wconf 90' lang='lat' dir='ltr'><strong>Orbi</strong></span> <span class='ocrx_word' id='word_1_45' title='bbox 1954 799 2090 858; x_wconf 92' lang='lat' dir='ltr'><strong>uni-</strong></span> 
     </span>
     <span class='ocr_line' id='line_1_9' title="bbox 256 897 2091 980; baseline -0.004 -18"><span class='ocrx_word' id='word_1_46' title='bbox 256 922 434 962; x_wconf 86' lang='lat' dir='ltr'><strong>verso</strong></span> <span class='ocrx_word' id='word_1_47' title='bbox 454 899 762 980; x_wconf 86' lang='lat' dir='ltr'><strong>patefacta</strong></span> <span class='ocrx_word' id='word_1_48' title='bbox 789 905 934 957; x_wconf 92' lang='lat' dir='ltr'><strong>sunt</strong></span> <span class='ocrx_word' id='word_1_49' title='bbox 957 899 1095 957; x_wconf 87' lang='lat' dir='ltr'><strong>haec</strong></span> <span class='ocrx_word' id='word_1_50' title='bbox 1117 903 1336 956; x_wconf 88' lang='lat' dir='ltr'><strong>nostra</strong></span> <span class='ocrx_word' id='word_1_51' title='bbox 1360 897 1768 968; x_wconf 84' lang='lat' dir='ltr'><strong>documenta3</strong></span> <span class='ocrx_word' id='word_1_52' title='bbox 1808 898 2091 957; x_wconf 90' lang='lat' dir='ltr'><strong>sciuntur</strong></span> 
     </span>
     <span class='ocr_line' id='line_1_10' title="bbox 255 996 1086 1077; baseline -0.006 -19"><span class='ocrx_word' id='word_1_53' title='bbox 255 1006 317 1058; x_wconf 92' lang='lat' dir='ltr'><strong>et</strong></span> <span class='ocrx_word' id='word_1_54' title='bbox 349 998 643 1077; x_wconf 88' lang='lat' dir='ltr'><strong>leguntur</strong></span> <span class='ocrx_word' id='word_1_55' title='bbox 672 998 747 1056; x_wconf 92' lang='lat' dir='ltr'><strong>ab</strong></span> <span class='ocrx_word' id='word_1_56' title='bbox 781 996 1086 1055; x_wconf 91' lang='lat' dir='ltr'><strong>omnibus.</strong></span> 
     </span>
    </p>

    <p class='ocr_par' dir='ltr' id='par_1_3' title="bbox 254 1091 2154 1926">
     <span class='ocr_line' id='line_1_11' title="bbox 342 1091 2085 1171; baseline -0.001 -17"><span class='ocrx_word' id='word_1_57' title='bbox 342 1096 640 1154; x_wconf 91' lang='lat' dir='ltr'><strong>Libenter</strong></span> <span class='ocrx_word' id='word_1_58' title='bbox 689 1093 884 1171; x_wconf 88' lang='lat' dir='ltr'><strong>igitur</strong></span> <span class='ocrx_word' id='word_1_59' title='bbox 942 1091 1375 1171; x_wconf 89' lang='lat' dir='ltr'><strong>amplectimur</strong></span> <span class='ocrx_word' id='word_1_60' title='bbox 1422 1091 1750 1151; x_wconf 82' lang='lat' dir='ltr'><strong>universos</strong></span> <span class='ocrx_word' id='word_1_61' title='bbox 1804 1112 1936 1151; x_wconf 93' lang='lat' dir='ltr'><strong>sese</strong></span> <span class='ocrx_word' id='word_1_62' title='bbox 1994 1114 2085 1152; x_wconf 91' lang='lat' dir='ltr'><strong>re-</strong></span> 
     </span>
     <span class='ocr_line' id='line_1_12' title="bbox 255 1187 2087 1267; baseline 0 -18"><span class='ocrx_word' id='word_1_63' title='bbox 255 1190 564 1250; x_wconf 86' lang='lat' dir='ltr'><strong>formandi</strong></span> <span class='ocrx_word' id='word_1_64' title='bbox 610 1189 921 1248; x_wconf 90' lang='lat' dir='ltr'><strong>studiosos</strong></span> <span class='ocrx_word' id='word_1_65' title='bbox 952 1189 1031 1247; x_wconf 87' lang='lat' dir='ltr'><strong>ad</strong></span> <span class='ocrx_word' id='word_1_66' title='bbox 1070 1188 1365 1247; x_wconf 81' lang='lat' dir='ltr'><strong>amussim</strong></span> <span class='ocrx_word' id='word_1_67' title='bbox 1408 1187 1698 1247; x_wconf 77' lang='lat' dir='ltr'><strong>Ecclesiae</strong></span> <span class='ocrx_word' id='word_1_68' title='bbox 1737 1188 2087 1267; x_wconf 86' lang='lat' dir='ltr'><strong>primitivae.</strong></span> 
     </span>
     <span class='ocr_line' id='line_1_13' title="bbox 261 1285 2089 1365; baseline -0.001 -20"><span class='ocrx_word' id='word_1_69' title='bbox 261 1287 550 1365; x_wconf 82' lang='lat' dir='ltr'><strong>Rigidam</strong></span> <span class='ocrx_word' id='word_1_70' title='bbox 601 1285 1107 1345; x_wconf 89' lang='lat' dir='ltr'><strong>Uniformitatem</strong></span> <span class='ocrx_word' id='word_1_71' title='bbox 1165 1306 1290 1343; x_wconf 93' lang='lat' dir='ltr'><strong>non</strong></span> <span class='ocrx_word' id='word_1_72' title='bbox 1342 1285 1696 1364; x_wconf 86' lang='lat' dir='ltr'><strong>flagitamus</strong></span> <span class='ocrx_word' id='word_1_73' title='bbox 1718 1307 1733 1355; x_wconf 84' lang='lat'>3</span> <span class='ocrx_word' id='word_1_74' title='bbox 1797 1305 2089 1364; x_wconf 84' lang='lat' dir='ltr'><strong>superva-</strong></span> 
     </span>
     <span class='ocr_line' id='line_1_14' title="bbox 257 1381 2090 1462; baseline -0.001 -19"><span class='ocrx_word' id='word_1_75' title='bbox 257 1404 477 1444; x_wconf 86' lang='lat' dir='ltr'><strong>caneas</strong></span> <span class='ocrx_word' id='word_1_76' title='bbox 525 1383 940 1442; x_wconf 79' lang='lat' dir='ltr'><strong>dissensiones</strong></span> <span class='ocrx_word' id='word_1_77' title='bbox 988 1382 1410 1462; x_wconf 89' lang='lat' dir='ltr'><strong>deprecamur.</strong></span> <span class='ocrx_word' id='word_1_78' title='bbox 1505 1381 1806 1441; x_wconf 85' lang='lat' dir='ltr'><strong>Omnibus</strong></span> <span class='ocrx_word' id='word_1_79' title='bbox 1853 1382 1931 1440; x_wconf 91' lang='lat' dir='ltr'><strong>ad</strong></span> <span class='ocrx_word' id='word_1_80' title='bbox 1975 1403 2090 1442; x_wconf 90' lang='lat' dir='ltr'><strong>nos</strong></span> 
     </span>
     <span class='ocr_line' id='line_1_15' title="bbox 258 1478 2090 1558; baseline -0.001 -19"><span class='ocrx_word' id='word_1_81' title='bbox 258 1480 514 1551; x_wconf 90' lang='lat' dir='ltr'><strong>allectis,</strong></span> <span class='ocrx_word' id='word_1_82' title='bbox 542 1481 691 1539; x_wconf 92' lang='lat' dir='ltr'><strong>dum</strong></span> <span class='ocrx_word' id='word_1_83' title='bbox 720 1479 940 1558; x_wconf 77' lang='lat' dir='ltr'><strong>jugum</strong></span> <span class='ocrx_word' id='word_1_84' title='bbox 965 1478 1190 1538; x_wconf 89' lang='lat' dir='ltr'><strong>erroris</strong></span> <span class='ocrx_word' id='word_1_85' title='bbox 1217 1485 1277 1538; x_wconf 92' lang='lat' dir='ltr'><strong>et</strong></span> <span class='ocrx_word' id='word_1_86' title='bbox 1310 1478 1769 1556; x_wconf 89' lang='lat' dir='ltr'><strong>superstitionis</strong></span> <span class='ocrx_word' id='word_1_87' title='bbox 1802 1485 2090 1537; x_wconf 80' lang='lat' dir='ltr'><strong>excutere</strong></span> 
     </span>
     <span class='ocr_line' id='line_1_16' title="bbox 257 1575 2154 1654; baseline -0.003 -20"><span class='ocrx_word' id='word_1_88' title='bbox 257 1577 618 1646; x_wconf 91' lang='lat' dir='ltr'><strong>moliuntur,</strong></span> <span class='ocrx_word' id='word_1_89' title='bbox 707 1575 1097 1634; x_wconf 87' lang='lat' dir='ltr'><strong>commodare</strong></span> <span class='ocrx_word' id='word_1_90' title='bbox 1193 1595 1444 1654; x_wconf 78' lang='lat' dir='ltr'><strong>operam</strong></span> <span class='ocrx_word' id='word_1_91' title='bbox 1522 1581 1803 1634; x_wconf 90' lang='lat' dir='ltr'><strong>nostram</strong></span> <span class='ocrx_word' id='word_1_92' title='bbox 1886 1575 2091 1654; x_wconf 90' lang='lat' dir='ltr'><strong>parati</strong></span> <span class='ocrx_word' id='word_1_93' title='bbox 2149 1625 2154 1629; x_wconf 88' lang='lat'>.</span> 
     </span>
     <span class='ocr_line' id='line_1_17' title="bbox 258 1672 2091 1752; baseline -0.001 -20"><span class='ocrx_word' id='word_1_94' title='bbox 258 1694 492 1745; x_wconf 90' lang='lat' dir='ltr'><strong>sumus,</strong></span> <span class='ocrx_word' id='word_1_95' title='bbox 544 1679 605 1731; x_wconf 93' lang='lat' dir='ltr'><strong>et</strong></span> <span class='ocrx_word' id='word_1_96' title='bbox 648 1673 797 1731; x_wconf 85' lang='lat' dir='ltr'><strong>talia</strong></span> <span class='ocrx_word' id='word_1_97' title='bbox 845 1672 930 1731; x_wconf 93' lang='lat' dir='ltr'><strong>eis</strong></span> <span class='ocrx_word' id='word_1_98' title='bbox 982 1672 1450 1732; x_wconf 87' lang='lat' dir='ltr'><strong>subministrare</strong></span> <span class='ocrx_word' id='word_1_99' title='bbox 1499 1672 1839 1752; x_wconf 84' lang='lat' dir='ltr'><strong>privilegia,</strong></span> <span class='ocrx_word' id='word_1_100' title='bbox 1886 1672 2091 1752; x_wconf 84' lang='lat' dir='ltr'><strong>qualia</strong></span> 
     </span>
     <span class='ocr_line' id='line_1_18' title="bbox 254 1769 2088 1850; baseline 0 -22"><span class='ocrx_word' id='word_1_101' title='bbox 254 1770 408 1850; x_wconf 91' lang='lat' dir='ltr'><strong>ipsis</strong></span> <span class='ocrx_word' id='word_1_102' title='bbox 440 1770 686 1849; x_wconf 91' lang='lat' dir='ltr'><strong>possint</strong></span> <span class='ocrx_word' id='word_1_103' title='bbox 716 1791 849 1829; x_wconf 90' lang='lat' dir='ltr'><strong>esse</strong></span> <span class='ocrx_word' id='word_1_104' title='bbox 897 1770 1191 1848; x_wconf 87' lang='lat' dir='ltr'><strong>gratiosa,</strong></span> <span class='ocrx_word' id='word_1_105' title='bbox 1226 1775 1289 1828; x_wconf 95' lang='lat' dir='ltr'><strong>et</strong></span> <span class='ocrx_word' id='word_1_106' title='bbox 1318 1769 1550 1828; x_wconf 91' lang='lat' dir='ltr'><strong>nostris</strong></span> <span class='ocrx_word' id='word_1_107' title='bbox 1595 1769 1874 1848; x_wconf 91' lang='lat' dir='ltr'><strong>ipsorum</strong></span> <span class='ocrx_word' id='word_1_108' title='bbox 1913 1770 2088 1829; x_wconf 92' lang='lat' dir='ltr'><strong>insti-</strong></span> 
     </span>
     <span class='ocr_line' id='line_1_19' title="bbox 254 1866 1766 1926; baseline 0 0"><span class='ocrx_word' id='word_1_109' title='bbox 254 1867 410 1926; x_wconf 91' lang='lat' dir='ltr'><strong>tutis</strong></span> <span class='ocrx_word' id='word_1_110' title='bbox 443 1874 504 1926; x_wconf 96' lang='lat' dir='ltr'><strong>et</strong></span> <span class='ocrx_word' id='word_1_111' title='bbox 534 1867 819 1926; x_wconf 77' lang='lat' dir='ltr'><strong>formulis</strong></span> <span class='ocrx_word' id='word_1_112' title='bbox 851 1866 1303 1926; x_wconf 91' lang='lat' dir='ltr'><strong>Ecclesiasticis</strong></span> <span class='ocrx_word' id='word_1_113' title='bbox 1335 1873 1766 1926; x_wconf 86' lang='lat' dir='ltr'><strong>consentanea.</strong></span> 
     </span>
    </p>

    <p class='ocr_par' dir='ltr' id='par_1_4' title="bbox 585 1961 1753 1998">
     <span class='ocr_line' id='line_1_20' title="bbox 585 1961 1753 1998; baseline -0.001 0"><span class='ocrx_word' id='word_1_114' title='bbox 585 1962 622 1998; x_wconf 69' lang='lat'><strong>รท1รท</strong></span> <span class='ocrx_word' id='word_1_115' title='bbox 961 1962 998 1998; x_wconf 49' lang='lat' dir='ltr'><strong>a</strong></span> <span class='ocrx_word' id='word_1_116' title='bbox 1338 1961 1374 1998; x_wconf 70' lang='lat'><strong>รท1รท</strong></span> <span class='ocrx_word' id='word_1_117' title='bbox 1719 1963 1753 1997; x_wconf 51' lang='lat' dir='ltr'><strong>a</strong></span> 
     </span>
    </p>

    <p class='ocr_par' dir='ltr' id='par_1_5' title="bbox 254 2058 2090 2911">
     <span class='ocr_line' id='line_1_21' title="bbox 343 2058 2090 2139; baseline 0.001 -20"><span class='ocrx_word' id='word_1_118' title='bbox 343 2058 466 2119; x_wconf 80' lang='lat' dir='ltr'><strong>Sed</strong></span> <span class='ocrx_word' id='word_1_119' title='bbox 500 2060 633 2120; x_wconf 79' lang='lat' dir='ltr'><strong>haec</strong></span> <span class='ocrx_word' id='word_1_120' title='bbox 682 2060 1004 2119; x_wconf 71' lang='lat' dir='ltr'><strong>hactenus.</strong></span> <span class='ocrx_word' id='word_1_121' title='bbox 1097 2059 1276 2134; x_wconf 78' lang='lat' dir='ltr'><strong>Quod</strong></span> <span class='ocrx_word' id='word_1_122' title='bbox 1317 2060 1395 2118; x_wconf 87' lang='lat' dir='ltr'><strong>ad</strong></span> <span class='ocrx_word' id='word_1_123' title='bbox 1443 2061 1817 2139; x_wconf 85' lang='lat' dir='ltr'><strong>quaestiones</strong></span> <span class='ocrx_word' id='word_1_124' title='bbox 1864 2062 2090 2121; x_wconf 87' lang='lat' dir='ltr'><strong>attinet</strong></span> 
     </span>
     <span class='ocr_line' id='line_1_22' title="bbox 257 2157 2090 2238; baseline 0.002 -24"><span class='ocrx_word' id='word_1_125' title='bbox 257 2157 435 2216; x_wconf 91' lang='lat' dir='ltr'><strong>nobis</strong></span> <span class='ocrx_word' id='word_1_126' title='bbox 468 2158 821 2236; x_wconf 90' lang='lat' dir='ltr'><strong>propositas</strong></span> <span class='ocrx_word' id='word_1_127' title='bbox 856 2178 992 2235; x_wconf 87' lang='lat' dir='ltr'><strong>quae</strong></span> <span class='ocrx_word' id='word_1_128' title='bbox 1022 2158 1191 2237; x_wconf 90' lang='lat' dir='ltr'><strong>leges</strong></span> <span class='ocrx_word' id='word_1_129' title='bbox 1222 2157 1608 2217; x_wconf 68' lang='lat' dir='ltr'><strong>Matrimonii</strong></span> <span class='ocrx_word' id='word_1_130' title='bbox 1627 2165 1918 2238; x_wconf 88' lang='lat' dir='ltr'><strong>tangunt,</strong></span> <span class='ocrx_word' id='word_1_131' title='bbox 1942 2160 2090 2218; x_wconf 92' lang='lat' dir='ltr'><strong>dum</strong></span> 
     </span>
     <span class='ocr_line' id='line_1_23' title="bbox 257 2254 2089 2334; baseline 0.003 -23"><span class='ocrx_word' id='word_1_132' title='bbox 257 2273 332 2311; x_wconf 76' lang='lat' dir='ltr'><strong>ex</strong></span> <span class='ocrx_word' id='word_1_133' title='bbox 363 2254 568 2313; x_wconf 88' lang='lat' dir='ltr'><strong>animo</strong></span> <span class='ocrx_word' id='word_1_134' title='bbox 616 2255 1011 2334; x_wconf 77' lang='lat' dir='ltr'><strong>agnoscimus</strong></span> <span class='ocrx_word' id='word_1_135' title='bbox 1057 2255 1398 2333; x_wconf 80' lang='lat' dir='ltr'><strong>angustias,</strong></span> <span class='ocrx_word' id='word_1_136' title='bbox 1453 2256 1531 2313; x_wconf 87' lang='lat' dir='ltr'><strong>ad</strong></span> <span class='ocrx_word' id='word_1_137' title='bbox 1577 2276 1730 2334; x_wconf 86' lang='lat' dir='ltr'><strong>quas</strong></span> <span class='ocrx_word' id='word_1_138' title='bbox 1774 2257 2089 2316; x_wconf 78' lang='lat' dir='ltr'><strong>nonnullae</strong></span> 
     </span>
     <span class='ocr_line' id='line_1_24' title="bbox 255 2351 2086 2431; baseline 0.003 -24"><span class='ocrx_word' id='word_1_139' title='bbox 255 2356 488 2409; x_wconf 89' lang='lat' dir='ltr'><strong>nostrae</strong></span> <span class='ocrx_word' id='word_1_140' title='bbox 523 2351 815 2410; x_wconf 80' lang='lat' dir='ltr'><strong>Ecclesiae</strong></span> <span class='ocrx_word' id='word_1_141' title='bbox 865 2372 900 2409; x_wconf 87' lang='lat' dir='ltr'><strong>a</strong></span> <span class='ocrx_word' id='word_1_142' title='bbox 935 2352 1329 2430; x_wconf 89' lang='lat' dir='ltr'><strong>popularium</strong></span> <span class='ocrx_word' id='word_1_143' title='bbox 1377 2372 1628 2411; x_wconf 89' lang='lat' dir='ltr'><strong>suorum</strong></span> <span class='ocrx_word' id='word_1_144' title='bbox 1673 2353 1881 2431; x_wconf 92' lang='lat' dir='ltr'><strong>legum</strong></span> <span class='ocrx_word' id='word_1_145' title='bbox 1910 2353 2086 2413; x_wconf 88' lang='lat' dir='ltr'><strong>latio-</strong></span> 
     </span>
     <span class='ocr_line' id='line_1_25' title="bbox 255 2445 2088 2526; baseline 0.004 -24"><span class='ocrx_word' id='word_1_146' title='bbox 255 2445 436 2504; x_wconf 90' lang='lat' dir='ltr'><strong>nibus</strong></span> <span class='ocrx_word' id='word_1_147' title='bbox 481 2448 749 2506; x_wconf 80' lang='lat' dir='ltr'><strong>redactae</strong></span> <span class='ocrx_word' id='word_1_148' title='bbox 795 2454 960 2518; x_wconf 90' lang='lat' dir='ltr'><strong>sunt,</strong></span> <span class='ocrx_word' id='word_1_149' title='bbox 995 2468 1314 2506; x_wconf 91' lang='lat' dir='ltr'><strong>censemus</strong></span> <span class='ocrx_word' id='word_1_150' title='bbox 1364 2469 1607 2526; x_wconf 85' lang='lat' dir='ltr'><strong>quoque</strong></span> <span class='ocrx_word' id='word_1_151' title='bbox 1645 2449 1911 2506; x_wconf 89' lang='lat' dir='ltr'><strong>officium</strong></span> <span class='ocrx_word' id='word_1_152' title='bbox 1956 2470 2088 2509; x_wconf 92' lang='lat' dir='ltr'><strong>esse</strong></span> 
     </span>
     <span class='ocr_line' id='line_1_26' title="bbox 254 2542 2089 2621; baseline 0.004 -24"><span class='ocrx_word' id='word_1_153' title='bbox 254 2542 738 2620; x_wconf 84' lang='lat' dir='ltr'><strong>uniuscujusque</strong></span> <span class='ocrx_word' id='word_1_154' title='bbox 798 2543 1089 2601; x_wconf 87' lang='lat' dir='ltr'><strong>Ecclesiae</strong></span> <span class='ocrx_word' id='word_1_155' title='bbox 1144 2564 1391 2621; x_wconf 89' lang='lat' dir='ltr'><strong>operam</strong></span> <span class='ocrx_word' id='word_1_156' title='bbox 1438 2545 1602 2614; x_wconf 87' lang='lat' dir='ltr'><strong>dare,</strong></span> <span class='ocrx_word' id='word_1_157' title='bbox 1655 2549 1727 2601; x_wconf 94' lang='lat' dir='ltr'><strong>ut</strong></span> <span class='ocrx_word' id='word_1_158' title='bbox 1773 2546 2089 2604; x_wconf 87' lang='lat' dir='ltr'><strong>sanctitati</strong></span> 
     </span>
     <span class='ocr_line' id='line_1_27' title="bbox 257 2637 2087 2710; baseline 0.004 -16"><span class='ocrx_word' id='word_1_159' title='bbox 257 2637 642 2696; x_wconf 86' lang='lat' dir='ltr'><strong>Matrimonii</strong></span> <span class='ocrx_word' id='word_1_160' title='bbox 674 2639 1091 2698; x_wconf 80' lang='lat' dir='ltr'><strong>custodiendae</strong></span> <span class='ocrx_word' id='word_1_161' title='bbox 1134 2639 1512 2710; x_wconf 84' lang='lat' dir='ltr'><strong>consulatur,</strong></span> <span class='ocrx_word' id='word_1_162' title='bbox 1548 2641 1885 2700; x_wconf 91' lang='lat' dir='ltr'><strong>secundum</strong></span> <span class='ocrx_word' id='word_1_163' title='bbox 1916 2664 2087 2701; x_wconf 87' lang='lat' dir='ltr'><strong>man-</strong></span> 
     </span>
     <span class='ocr_line' id='line_1_28' title="bbox 256 2734 2086 2814; baseline 0.004 -22"><span class='ocrx_word' id='word_1_164' title='bbox 256 2734 402 2792; x_wconf 87' lang='lat' dir='ltr'><strong>data</strong></span> <span class='ocrx_word' id='word_1_165' title='bbox 444 2734 509 2791; x_wconf 92' lang='lat' dir='ltr'><strong>in</strong></span> <span class='ocrx_word' id='word_1_166' title='bbox 541 2734 654 2792; x_wconf 90' lang='lat' dir='ltr'><strong>Dei</strong></span> <span class='ocrx_word' id='word_1_167' title='bbox 685 2735 892 2794; x_wconf 86' lang='lat' dir='ltr'><strong>Verbo</strong></span> <span class='ocrx_word' id='word_1_168' title='bbox 938 2735 1320 2814; x_wconf 88' lang='lat' dir='ltr'><strong>praescripta,</strong></span> <span class='ocrx_word' id='word_1_169' title='bbox 1355 2743 1415 2794; x_wconf 91' lang='lat' dir='ltr'><strong>et</strong></span> <span class='ocrx_word' id='word_1_170' title='bbox 1447 2738 1965 2814; x_wconf 90' lang='lat' dir='ltr'><strong>quemadmodum</strong></span> <span class='ocrx_word' id='word_1_171' title='bbox 2009 2742 2086 2800; x_wconf 84' lang='lat' dir='ltr'><strong>ab</strong></span> 
     </span>
     <span class='ocr_line' id='line_1_29' title="bbox 258 2828 1602 2911; baseline 0.004 -25"><span class='ocrx_word' id='word_1_172' title='bbox 258 2828 537 2889; x_wconf 65' lang='lat' dir='ltr'><strong>Ecclesia</strong></span> <span class='ocrx_word' id='word_1_173' title='bbox 569 2829 803 2890; x_wconf 82' lang='lat' dir='ltr'><strong>Christi</strong></span> <span class='ocrx_word' id='word_1_174' title='bbox 833 2830 1128 2890; x_wconf 62' lang='lat' dir='ltr'><strong>hactenus</strong></span> <span class='ocrx_word' id='word_1_175' title='bbox 1161 2838 1308 2891; x_wconf 90' lang='lat' dir='ltr'><strong>sunt</strong></span> <span class='ocrx_word' id='word_1_176' title='bbox 1335 2839 1602 2911; x_wconf 85' lang='lat' dir='ltr'><strong>recepta.</strong></span> 
     </span>
    </p>

    <p class='ocr_par' dir='ltr' id='par_1_6' title="bbox 254 2927 2086 3288">
     <span class='ocr_line' id='line_1_30' title="bbox 342 2927 2086 3006; baseline 0.003 -21"><span class='ocrx_word' id='word_1_177' title='bbox 342 2927 533 2987; x_wconf 81' lang='lat' dir='ltr'><strong>Rixas</strong></span> <span class='ocrx_word' id='word_1_178' title='bbox 577 2929 876 3006; x_wconf 83' lang='lat' dir='ltr'><strong>quasdam</strong></span> <span class='ocrx_word' id='word_1_179' title='bbox 927 2929 1244 2989; x_wconf 89' lang='lat' dir='ltr'><strong>luctuosas</strong></span> <span class='ocrx_word' id='word_1_180' title='bbox 1298 2930 1373 2988; x_wconf 93' lang='lat' dir='ltr'><strong>de</strong></span> <span class='ocrx_word' id='word_1_181' title='bbox 1417 2931 1651 2989; x_wconf 89' lang='lat' dir='ltr'><strong>rituum</strong></span> <span class='ocrx_word' id='word_1_182' title='bbox 1698 2932 2086 2993; x_wconf 82' lang='lat' dir='ltr'><strong>Ecclesiasti-</strong></span> 
     </span>
     <span class='ocr_line' id='line_1_31' title="bbox 257 3024 2085 3105; baseline 0.004 -24"><span class='ocrx_word' id='word_1_183' title='bbox 257 3044 470 3082; x_wconf 91' lang='lat' dir='ltr'><strong>corum</strong></span> <span class='ocrx_word' id='word_1_184' title='bbox 502 3024 968 3102; x_wconf 81' lang='lat' dir='ltr'><strong>quaestionibus,</strong></span> <span class='ocrx_word' id='word_1_185' title='bbox 1003 3026 1484 3098; x_wconf 80' lang='lat' dir='ltr'><strong>considerantes,</strong></span> <span class='ocrx_word' id='word_1_186' title='bbox 1519 3028 1740 3105; x_wconf 87' lang='lat' dir='ltr'><strong>quibus</strong></span> <span class='ocrx_word' id='word_1_187' title='bbox 1772 3031 2085 3088; x_wconf 84' lang='lat' dir='ltr'><strong>nonnullae</strong></span> 
     </span>
     <span class='ocr_line' id='line_1_32' title="bbox 254 3120 2084 3200; baseline 0.004 -22"><span class='ocrx_word' id='word_1_188' title='bbox 254 3127 484 3179; x_wconf 88' lang='lat' dir='ltr'><strong>nostrae</strong></span> <span class='ocrx_word' id='word_1_189' title='bbox 517 3120 1031 3199; x_wconf 81' lang='lat' dir='ltr'><strong>congregationes</strong></span> <span class='ocrx_word' id='word_1_190' title='bbox 1064 3122 1339 3199; x_wconf 86' lang='lat' dir='ltr'><strong>graviter</strong></span> <span class='ocrx_word' id='word_1_191' title='bbox 1367 3126 1751 3200; x_wconf 81' lang='lat' dir='ltr'><strong>perturbatae</strong></span> <span class='ocrx_word' id='word_1_192' title='bbox 1784 3133 1950 3196; x_wconf 86' lang='lat' dir='ltr'><strong>sunt,</strong></span> <span class='ocrx_word' id='word_1_193' title='bbox 1970 3146 2084 3185; x_wconf 88' lang='lat' dir='ltr'><strong>nos</strong></span> 
     </span>
     <span class='ocr_line' id='line_1_33' title="bbox 255 3216 2085 3288; baseline 0.004 -15"><span class='ocrx_word' id='word_1_194' title='bbox 255 3216 651 3288; x_wconf 87' lang='lat' dir='ltr'><strong>affirmamus,</strong></span> <span class='ocrx_word' id='word_1_195' title='bbox 684 3216 838 3274; x_wconf 88' lang='lat' dir='ltr'><strong>nihil</strong></span> <span class='ocrx_word' id='word_1_196' title='bbox 880 3216 944 3273; x_wconf 92' lang='lat' dir='ltr'><strong>in</strong></span> <span class='ocrx_word' id='word_1_197' title='bbox 991 3217 1097 3274; x_wconf 93' lang='lat' dir='ltr'><strong>diu</strong></span> <span class='ocrx_word' id='word_1_198' title='bbox 1140 3217 1370 3276; x_wconf 69' lang='lat' dir='ltr'><strong>usitata</strong></span> <span class='ocrx_word' id='word_1_199' title='bbox 1418 3219 1912 3279; x_wconf 86' lang='lat' dir='ltr'><strong>caerimoniarum</strong></span> <span class='ocrx_word' id='word_1_200' title='bbox 1943 3242 2085 3280; x_wconf 92' lang='lat' dir='ltr'><strong>con-</strong></span> 
     </span>
    </p>
   </div>
   <div class='ocr_carea' id='block_1_3' title="bbox 254 3313 2083 3470">
    <p class='ocr_par' dir='ltr' id='par_1_7' title="bbox 254 3313 2083 3470">
     <span class='ocr_line' id='line_1_34' title="bbox 255 3313 2083 3394; baseline 0.004 -24"><span class='ocrx_word' id='word_1_201' title='bbox 255 3314 599 3386; x_wconf 89' lang='lat' dir='ltr'><strong>suetudine,</strong></span> <span class='ocrx_word' id='word_1_202' title='bbox 662 3320 879 3375; x_wconf 87' lang='lat' dir='ltr'><strong>contra</strong></span> <span class='ocrx_word' id='word_1_203' title='bbox 938 3313 1229 3394; x_wconf 81' lang='lat' dir='ltr'><strong>Episcopi</strong></span> <span class='ocrx_word' id='word_1_204' title='bbox 1288 3317 1792 3390; x_wconf 87' lang='lat' dir='ltr'><strong>admonitionem,</strong></span> <span class='ocrx_word' id='word_1_205' title='bbox 1860 3318 2083 3379; x_wconf 90' lang='lat' dir='ltr'><strong>debere</strong></span> 
     </span>
     <span class='ocr_line' id='line_1_35' title="bbox 254 3429 552 3470; baseline 0.017 -6"><span class='ocrx_word' id='word_1_206' title='bbox 254 3429 552 3470; x_wconf 80' lang='lat' dir='ltr'><strong>innovari.</strong></span> 
     </span>
    </p>
   </div>
  </div>
 </body>
</html>
