2372 3760
322 686 790 747 ΕΠΙΣΤΟΛΗ
868 680 1261 753 ἙΚΑΤΟΝ
1340 694 1882 758 ΕΠΙΣΚΟΠΩΝ

191 896 272 947 Ἐν
305 897 507 963 Ἀγγλίᾳ
548 898 968 963 συνηθροισμένων,
1012 904 1058 949 ἐν
1093 904 1317 969 Παλατίῳ
1349 906 1661 972 Ααμβηθανῷ,
1695 909 1804 971 μηνὶ
1837 909 2028 976 Ἰουλίῳ,

875 1009 961 1057 ἔτει
985 1010 1123 1073 ,αωοή
1150 1011 1349 1074 (1878).

965 1233 1290 1243 Q

297 1407 431 1471 Τοῖς
459 1407 701 1471 πιστοῖς
733 1408 792 1467 ἐν
820 1408 1077 1487 Χριστῷ
1107 1407 1321 1486 Ἰησοῦ
1351 1408 1582 1490 χαίρειν
1613 1411 1672 1469 ἐν
1701 1411 1918 1490 Κυρίῳ.

276 1558 483 1638 εΗμεῖς
553 1554 1073 1641 Ἀρχιεπίσκοποι,
1143 1562 1615 1641 Μητροπολῖται,
1685 1561 1784 1621 καὶ
1855 1561 2027 1623 ἄλλοι

195 1659 518 1717 ἐπίσκοποι
590 1659 694 1735 τῆς
753 1656 928 1737 ἁγίας
1002 1657 1347 1735 Καθολικῆς
1418 1656 1805 1736 Ἐκκλησίας,
1878 1686 2025 1737 συγ-

195 1756 603 1819 κοινωνοῦντες
662 1754 1009 1833 ὁλοκλήρως
1080 1754 1154 1833 τῇ
1226 1753 1596 1834 Ἀγγλικανῇ
1666 1753 2023 1835 Ἐκκλησία,

193 1850 404 1909 ἑκατὸν
462 1849 620 1914 ὅντες
679 1850 782 1909 τὸν
840 1850 1109 1929 ἀριθμὸν,
1173 1847 1424 1913 ἅπαντες
1484 1849 1822 1926 ἐπισκοπὴν
1877 1876 2024 1930 παρ-

194 1949 393 2006 οικιῶν
444 1945 896 2024 ἐπιτηδεύοντες,
945 1945 983 2023 ἢ
1035 1945 1294 2022 νομίμως
1342 1945 1710 2006 ἐπισκοπικά
1761 1947 1907 2024 τέλη
1966 1949 2027 2006 ἐν

195 2044 398 2107 αὐταῖς
455 2043 957 2124 ἐπιτετραμμένοι,
1015 2042 1416 2107 συνελθόντες,
1465 2040 1683 2101 πολλοὶ
1741 2040 1811 2113 ἐξ
1861 2044 2027 2121 ἡμῶν

196 2140 313 2199 ἀπὸ
359 2141 472 2199 τῶν
514 2139 904 2219 μακροτάτων
946 2140 1049 2216 τῆς
1091 2138 1440 2216 οἰκουμένης
1482 2138 1794 2215 κλιμάτων,
1842 2140 1901 2198 ἐν
1945 2139 2026 2218 τῷ

194 2235 478 2315 Παλατίῳ
525 2234 934 2313 Λαμβηθανῷ,
985 2234 1096 2294 ἔτει
1144 2236 1247 2311 τῆς
1292 2236 1398 2293 τοῦ
1450 2233 1675 2314 Κυρίου
1728 2235 2025 2312 ἐνσαρκώ-
2091 2241 2095 2245 ’

195 2358 348 2397 σεως
397 2331 581 2411 Ιαωοή
637 2329 876 2409 (1878),
909 2328 1365 2410 προεδρεύοντος
1425 2329 2027 2407 σεβασμιωτάτου

195 2426 679 2510 Ἀρχιβάλὸου
709 2427 1123 2506 Κάμπβελλ,
1155 2427 1237 2506 τῇ
1285 2426 1439 2507 θεία
1479 2427 1778 2507 προνοίᾳ
1806 2425 2026 2506 Ἀρχι-

193 2527 598 2586 επισκόπου
643 2523 1147 2604 Καντουαρίας,
1178 2522 1633 2583 Ἐπισ-κόπων
1678 2522 1842 2601 ὅλης
1879 2522 2025 2603 Ἀγ-

194 2621 402 2701 γλίας
458 2619 976 2702 πρωτοθρόνου,
1036 2619 1473 2698 μετειληφότες,
1526 2621 1584 2678 ἐν
1630 2619 1710 2697 τῷ
1762 2619 1880 2697 ναῷ
1922 2620 2027 2677 τοῦ

196 2718 506 2798 εἰρημένου
536 2716 846 2782 παλατίου,
873 2719 986 2775 τῶν
1017 2715 1202 2796 ἁγίων
1231 2716 1580 2796 μυστηρίων
1609 2717 1714 2776 τοῦ
1747 2717 2025 2791 σώματος

195 2815 294 2875 καὶ
329 2818 434 2876 τοῦ
479 2814 724 2892 αἵματος
768 2816 872 2873 τοῦ
910 2812 1151 2894 Κυρίου,
1194 2812 1703 2893 καὶῑπροσευχαῖς
1731 2812 2022 2888 ἡνωμένοι

194 2912 343 2991 ὑπὲρ
373 2914 477 2990 τῆς
526 2913 630 2970 τοῦ
682 2909 857 2990 ἁγίου
902 2909 1248 2986 Πνεύματος
1290 2907 1708 2988 χειραγωγίας,
1750 2905 2021 2978 ἐξέτασιν

196 3009 601 3085 πεποιήκαμεν
628 3003 931 3084 διαφόρων
958 3003 1306 3081 ζητημάτων
1329 3003 1471 3080 ἡμῖν
1494 3002 2018 3083 προβεβλημένων,

201 3105 537 3182 ἀνηκόντων
570 3102 650 3166 εἷς
678 3100 785 3177 τὴν
814 3102 917 3176 τῆς
947 3099 1321 3176 Ἐκκλησίας
1359 3100 1581 3179 σχέσιν
1617 3099 1675 3157 ἐν
1718 3095 2021 3173 διαφόροις

197 3203 302 3260 τοῦ
333 3200 571 3274 κόσμου
601 3199 865 3276 μέρεσιν.

281 3293 431 3374 Περὶ
461 3293 677 3352 τούτων
716 3293 829 3350 τῶν
862 3288 1208 3368 ζητημάτων
1239 3287 1579 3352 σπουδαίως
1610 3284 1707 3345 διὰ
1736 3283 2018 3343 πλειόνων

197 3390 431 3471 ἡμερῶν
490 3386 1108 3466 συμβεβουλευκότες,
1167 3382 1604 3465 παρατιθέμεθα
1669 3381 1843 3440 τανῦν
1898 3377 2019 3442 τοῖς
