2372 3760
297 125 328 168 6
821 117 1083 179 Ἐπιστολὴ
1106 116 1300 165 Ἑκατὸν
1325 116 1624 165 Ἐπισκόπων

303 270 543 333 πιστοῖς
600 267 671 328 τὰ
735 266 1230 347 συμπεράσματα
1286 266 1429 344 ἡμῖν
1488 266 1634 345 ὑπὲρ
1696 267 1884 326 αὐτῶν
1936 265 2138 348 δεδογ-

301 368 490 445 μένα.1

390 462 856 540 Ἐνθυμούμενοι
892 460 999 538 τὴν
1030 458 1510 538 ἐπιτηδειοτάτην
1552 459 1812 538 μέθοδον
1842 454 1992 542 πρὸς
2035 463 2142 539 τὴν

310 561 570 640 τήρησιν
627 560 731 636 τῆς
797 559 1068 636 ἑνότητος
1140 559 1254 616 τῶν
1314 554 1617 637 διαφόρων
1676 561 1781 635 τῆς
1855 559 2142 639 ἡμετέρας

308 655 611 719 κοινωνίας
651 657 1003 733 ἐκκλησιῶν,
1037 654 1348 735 πρώτιστα
1378 653 1611 712 πάντων
1643 655 2135 734 ἀναγνωρίζομεν,

304 753 428 832 μετ’
464 750 783 833 ἐγκαρδίου
823 750 1209 830 εὐχαριστίας
1245 750 1324 827 τῷ
1361 750 1812 830 Παντοκράτορι
1857 752 2003 830 Θεῷ,
2036 751 2143 828 τὴν

308 848 574 927 οὐσιώδη
623 848 724 908 καὶ
769 849 989 927 ἐναργῆ
1037 848 1299 925 ἑνότητα,
1334 849 1393 906 ἐν
1436 843 1478 925 ᾗ
1521 846 1557 922 ἡ
1604 845 1971 926 Ἀγγλικανὴ
2003 847 2141 906 Ἐκ-

309 946 553 1024 κλησία,
617 944 715 1004 καὶ
788 944 849 1003 αἱ
915 943 1236 1021 ἐκκλησίαι
1295 941 1417 1020 μετ’
1473 943 1653 1020 αὐτῆς
1713 944 1936 1023 ὁρατῶς
1995 969 2142 1023 συγ-

309 1045 718 1108 κοινωνοῦσαι,
735 1040 1076 1101 διατελοῦσι
1097 1040 1486 1118 συνημμέναι.
1532 1038 1988 1117 εΗνωμέναιὺπὸ
2007 1042 2146 1118 μιᾶς

311 1140 468 1204 θείας
498 1141 793 1218 Κεφαλῆς,
824 1137 1039 1217 Ἰησοῦ
1071 1138 1363 1217 Χριστοῦ,
1392 1138 1451 1196 ἐν
1481 1137 1553 1217 τῇ
1580 1137 1849 1217 κοινωνίᾳ
1877 1139 1979 1214 τῆς
2007 1138 2146 1215 μιᾶς

314 1236 651 1313 Καθολικῆς
700 1234 1092 1313 Ἐκκλησίας,
1149 1236 1517 1314 κατέχουσαι
1569 1233 1676 1310 τὴν
1726 1233 1869 1310 μίαν
1920 1234 2144 1300 πίστιν,

315 1333 375 1391 ἐν
410 1333 537 1396 ταῖς
582 1332 778 1412 ἁγίαις
815 1332 1081 1411 Γραφαῖς
1113 1331 1699 1409 ἀποκεκαλυμμένην,
1735 1333 1792 1389 ἐν
1822 1332 1943 1395 τοῖς
1987 1335 2036 1395 Σ
2041 1357 2145 1407 υμ-

310 1428 522 1503 βόλοις
575 1429 930 1508 ὡρισμένην,
982 1426 1080 1486 καὶ
1133 1428 1246 1487 ὑπὸ
1298 1428 1402 1504 τῆς
1461 1426 1724 1508 ἀρχῆθεν
1772 1426 2148 1504 Ἐκκλησίας

320 1525 779 1603 κεκρατημένην,
820 1522 1134 1604 δεχόμεναι
1179 1523 1282 1587 τὰς
1334 1523 1513 1587 αὐτὰς
1565 1523 1875 1587 κανονικὰς
1905 1522 2148 1605 Γραφὰς

314 1622 420 1698 τῆς
465 1616 722 1685 παλαιᾶς
771 1619 870 1680 καὶ
922 1622 1037 1698 τῆς
1078 1622 1282 1697 καινῆς
1339 1620 1656 1698 Διαθήκης,
1709 1622 1784 1684 ὡς
1830 1620 1903 1679 τὰ
1955 1620 2148 1679 πάντα

315 1720 462 1798 πρὸς
509 1718 813 1798 σωτηρίαν
857 1718 1154 1798 ἀναγκαῖα
1206 1718 1624 1798 περιεχούσας,
1674 1715 1847 1776 αῦται
1900 1716 1960 1776 αἱ
2006 1717 2145 1795 ἡμέ-

317 1840 481 1895 τεραι
502 1813 870 1893 Ἐκκλησίαι
893 1816 995 1874 τὸν
1019 1816 1196 1875 αὐτὸν
1222 1817 1326 1874 τοῦ
1350 1817 1499 1874 Θεοῦ
1523 1815 1706 1894 λόγον
1726 1815 2144 1894 κηρύσσουσι,

315 1914 429 1971 τῶν
489 1913 677 1971 αὐτῶν
745 1912 945 1972 θεόθεν
1005 1910 1483 1992 ’διατεταγμένων
1549 1912 1900 1993 μυστηρίων
1970 1938 2148 1990 μετα-

323 2008 717 2086 λαμβάνουσι
747 2007 844 2069 Sc&
873 2011 978 2087 τῆς
1001 2009 1333 2090 ὑπηρεσίας
1361 2011 1475 2069 τῶν
1498 2010 1688 2069 αὐτῶν
1733 2011 2150 2069 ἀποστολικῶν

322 2105 595 2183 βαθμῶν,
631 2103 729 2164 καὶ
773 2108 1195 2186 προσκυνοῦσι
1237 2106 1317 2184 τῷ
1373 2108 1528 2185 αὐτῷ
1577 2107 1706 2185 Θεῷ
1754 2105 1853 2165 καὶ
1902 2107 2145 2187 Πατέρι,

322 2199 420 2260 διὰ
469 2204 573 2261 τοῦ
627 2203 807 2261 αὐτοῦ
859 2203 1082 2282 Κυρίου
1129 2201 1343 2281 Ἰησοῦ
1393 2205 1686 2283 Χριστοῦ,
1738 2205 1798 2263 ἐν
1855 2203 1936 2281 τῷ
1995 2203 2151 2282 αὐτῷ

327 2298 476 2377 ἁγίῳ
527 2298 626 2357 καὶ
674 2299 803 2377 θείῳ
839 2300 1159 2377 Πνεύματι,
1206 2301 1364 2360 πᾶσι
1410 2301 1532 2364 τοῖς
1581 2300 1974 2360 πιστεύουσιν
2031 2301 2150 2358 ε’πι-

322 2395 767 2473 χορηγουμένῳ,
815 2398 964 2475 πρὸς
1015 2397 1081 2455 τὸ
1130 2393 1368 2476 ὁδηγεῖν
1411 2395 1622 2460 αὐτοὺς
1671 2396 1750 2460 εἷς
1789 2397 1998 2456 πᾶσαν
2045 2395 2152 2473 τὴν

323 2489 623 2566 ἀλήθειαν.

411 2584 682 2662 Ἀμέσως
710 2585 818 2662 μὲν
850 2585 952 2646 οῦν
994 2588 1143 2666 μετὰ
1172 2589 1387 2666 ταύτης
1429 2590 1532 2665 τῆς
1577 2588 1861 2666 ἑνότητος,
1892 2587 2153 2668 ὑπῆρξεν

329 2684 388 2741 ἐν
427 2682 737 2761 ἡμετέραις
782 2683 1131 2761 ἐκκλησίαις
1192 2685 1382 2763 ἐκείνη
1431 2684 1765 2763 συνηθείας,
1816 2683 2151 2758 διατάξεως,

334 2776 434 2837 καὶ
482 2777 854 2859 λειτουργίας
899 2777 1177 2862 διαφορὰ,
1224 2779 1350 2857 ἥτις
1395 2781 1729 2862 ἀναγκαίως
1769 2783 2047 2860 ἐκφύεται
2090 2781 2161 2854 ἐξ

332 2875 655 2953 ἀσκήσεως
697 2877 802 2953 τῆς
846 2874 1145 2950 ἐξουσίας,
1191 2879 1295 2954 τῆς
1336 2878 1563 2958 ἑκάστῃ
1611 2879 1825 2959 μερικῇ
1871 2877 1909 2956 ἢ
1956 2880 2155 2959 ἐθνικῇ

331 2971 625 3052 ἐκκλησίᾳ
648 2974 1102 3052 προσηκούσης,
1115 2976 1217 3033 τοῦ
1242 2972 1613 3043 διατάσσειν,
1625 2975 2153 3056 παραχαράσσειν,

400 3142 413 3167 ¹
448 3142 528 3192 Ἐν
569 3144 709 3207 ταύτῃ
751 3147 811 3207 τῇ
841 3145 1148 3207 μεταφράσει,
1186 3150 1273 3194 τῶν
1302 3147 1565 3208 κεφαλαίων
1602 3148 1797 3212 ἐκλογὴν
1831 3148 2157 3210 πεποιήκαμεν,

328 3229 415 3272 τῶν
449 3225 659 3286 μάλιστα
699 3228 759 3288 τῇ
795 3225 994 3272 καθόλου
1017 3225 1273 3290 Ἐκκλησία
1298 3228 1639 3289 προσηκόντων·
1679 3231 1724 3275 ἐν
1759 3228 1808 3275 δὲ
1842 3231 1904 3291 τῷ
1926 3227 2158 3293 Ἀγγλικῷ

329 3308 410 3366 τῆς
432 3303 716 3366 Ἐπιστολῆς
744 3307 981 3369 ἀρχετύπῳ
1017 3308 1063 3353 αἶ
1099 3310 1186 3355 τῶν
1223 3311 1478 3370 ἐπιτροπῶν
1510 3311 1592 3356 τοῦ
1629 3309 1923 3371 συμβουλίου
1957 3307 2159 3359 ἐκθέσεις

331 3383 557 3446 (Reports
577 3388 638 3446 of
653 3385 979 3450 Committees),
997 3386 1087 3433 ἀπὸ
1111 3390 1192 3435 τοῦ
1216 3388 1517 3449 Συμβουλίου
1541 3387 1905 3453 δοκιμασθεῖσαι,
1924 3388 2158 3439 ὁλοτελεῖς

330 3469 623 3529 εὑρίσκονται.
