2372 3760
460 419 869 496 EPISTOLA
928 418 1276 496 CENTUM
1333 420 1925 499 EPISCOPORUM

325 626 390 667 lN
432 626 644 666 ANGLIA
691 626 1210 681 CONGREGATORUM,
1257 628 1321 668 IN
1366 629 1602 670 PALATIO
1647 630 2061 687 LAMBETHANO,

485 723 681 764 MENSE
726 724 910 777 JULIO,
957 725 1117 765 ANNO
1163 725 1398 767 SALU'HS
1444 726 1887 768 MDCGCLXXVHI.

444 975 752 1034 Fidelibzos
810 976 878 1034 ia
941 976 1175 1037 Christo
1234 979 1494 1038 salutem
1550 981 1616 1039 in
1667 981 1940 1042 Domino.

277 1122 408 1182 Nos
458 1122 947 1202 Archiepiscopi,
997 1125 1483 1203 Metropolitani,
1546 1127 1771 1206 aliique
1818 1129 2111 1209 Episcopi

280 1218 528 1280 Sanctae
579 1218 912 1279 Catholicae
963 1221 1284 1293 Ecclesiae,
1338 1231 1590 1282 centum
1640 1246 1918 1297 numero,
1966 1249 2108 1286 cum

276 1315 553 1375 Ecclesia
584 1317 929 1396 Anglicana
958 1318 1229 1396 plenarie
1266 1321 1813 1394 communicantes,
1836 1325 2112 1384 universi

276 1433 462 1492 super
520 1414 834 1473 Dioeceses
898 1415 1395 1492 jurisdictionem
1453 1417 1883 1497 Episcopalem
1943 1442 2110 1480 exer-

276 1511 562 1582 citanteS,
611 1511 710 1570 vel
757 1512 836 1570 ad
879 1511 1271 1591 Episcopalia
1328 1515 1540 1574 munia
1582 1516 1648 1573 in
1692 1517 1778 1575 eis
1825 1519 2108 1577 obeunda

274 1607 550 1685 legitime
611 1607 896 1686 delegati,
958 1610 1140 1668 multi
1197 1613 1486 1670 nostrum
1543 1633 1620 1671 ex
1677 1615 2109 1674 remotissimis

274 1706 443 1765 orbis
502 1712 814 1764 terrarum
870 1706 1246 1785 regionibUS,
1310 1711 1673 1789 congregati
1743 1711 1809 1769 in
1866 1712 2106 1771 Palatio

273 1801 720 1874 Lambethano,
769 1823 930 1861 anno
977 1803 1193 1862 salutis
1239 1823 1682 1866 MDcooL-XXVHI.
1731 1809 2110 1885 praesidente

275 1897 814 1957 Reverendissimo
836 1899 1112 1957 Praesule
1132 1900 1509 1960 Archibaldo
1534 1902 1873 1981 Campbell,
1888 1904 2107 1963 Divina

274 1995 674 2054 Providentia
718 1995 1204 2074 Archiepiscopo
1250 1997 1701 2070 Cantuariensi,
1733 2001 1931 2059 totius
1978 2002 2108 2059 An-

277 2092 418 2170 gliae
449 2092 744 2163 Primate,
766 2093 1102 2172 participes
1134 2093 1307 2164 facti,
1338 2094 1400 2151 in
1434 2095 1585 2153 dicti
1616 2096 1839 2155 Palatii
1865 2098 2107 2169 sacelIO,

280 2189 837 2249 sacrosanctorum
873 2190 1324 2269 Mysteriorum
1358 2191 1646 2270 Corporis
1678 2200 1740 2251 et
1775 2193 2108 2272 Sanguinis

276 2286 528 2346 Domini
569 2287 790 2346 Nostri
839 2287 994 2346 Jesu
1025 2286 1278 2359 Christi,
1312 2296 1375 2347 et
1422 2290 1805 2349 orationibus
1832 2292 2108 2351 'adunati

276 2384 356 2443 ad
428 2384 697 2463 Spiritus
759 2384 974 2444 Sancti
1034 2384 1438 2444 directionem
1495 2386 1971 2464 impetrandam,
2033 2389 2110 2448 de

275 2481 461 2541 variis
518 2482 846 2560 praefinitis
920 2481 1366 2560 quaestionibus
1428 2484 1754 2542 consilium
1818 2485 2109 2544 inivimus

276 2578 466 2637 coetui
508 2585 724 2637 nostro
767 2578 1127 2657 propositis,
1174 2580 1254 2637 ad
1300 2586 1535 2639 statum
1580 2581 1870 2640 Ecclesiae
1922 2583 2108 2660 perti-

276 2676 568 2734 nentibus
600 2697 711 2754 per
742 2676 1017 2734 diversas
1050 2676 1265 2733 mundi
1294 2683 1504 2755 partes
1536 2678 1798 2738 diffusae.

361 2772 480 2831 His
534 2772 979 2850 quaestionibus
1051 2772 1211 2831 serio
1277 2773 1688 2835 deliberandis
1759 2776 2104 2853 complures

276 2868 404 2927 dies
444 2869 880 2947 impendimus,
913 2869 1167 2947 jamque
1216 2870 1763 2930 determinationes
1814 2892 2022 2930 earum
2071 2891 2105 2927 a

273 2965 452 3024 nobis
483 2966 855 3044 approbatas
886 2965 1171 3024 fidelibus
1190 2966 1256 3023 in
1278 2966 1526 3025 Christo
1559 2967 2100 3026 commendamus.¹

282 3197 287 3200 ‚
332 3144 359 3168 ‘¹
396 3144 459 3190 In
496 3143 588 3189 hac
631 3143 812 3189 Latina
853 3143 1255 3204 interpretatione
1303 3162 1466 3192 eorum
1505 3146 1824 3208 capitulorum
1865 3142 2103 3205 praecipue

279 3223 518 3270 delectum
542 3220 743 3268 fecimus
771 3239 878 3284 quae
904 3223 965 3268 ad
988 3223 1261 3270 Ecclesiam
1288 3225 1622 3272 Universalem
1648 3226 1850 3271 attinere
1874 3223 2104 3284 quodam-

278 3302 421 3350 modo
468 3301 776 3347 videbantur.
870 3301 934 3347 In
996 3302 1206 3363 Anglico
1271 3308 1437 3350 autem
1502 3304 1761 3364 archetypo
1821 3301 2102 3347 Relationes

276 3381 655 3444 Delegationum
706 3380 942 3444 (Beports
995 3380 1057 3442 qf‘
1106 3382 1438 3445 Committees)‚
1485 3399 1511 3428 a
1567 3382 1709 3428 Coetu
1767 3380 2101 3442 comprobatae,
2168 3373 2170 3375 ¹

278 3461 505 3524 plenariae
531 3462 849 3523 reperiuntur.
