2372 3760
711 123 777 164 IN
820 123 1035 165 ANGLIA
1081 123 1606 169 cONoREGATossuM.
1992 114 2067 172 17

237 269 357 330 hoc
402 270 751 350 praesertim
810 270 1064 343 intuitu,
1124 278 1197 331 ut
1254 273 1527 333 rationes
1588 275 1873 355 quaedam
1930 285 2074 338 actu

239 367 516 427 efficaces
540 389 576 426 a
595 368 772 427 nobis
798 369 1229 441 adhibeantur,
1261 370 1340 429 ad
1372 371 1725 430 occasiones
1750 372 2073 434 discordiae

238 466 686 544 praecidendas,
735 472 799 525 et
842 467 921 524 ad
964 467 1132 525 illam
1176 468 1509 547 genuinam
1568 477 1630 528 et
1684 472 2073 531 essentialem

238 561 566 633 unitatem,
641 582 776 640 quae
856 569 1107 622 nostras
1195 564 1508 623 Ecclesias
1591 565 1789 624 indies
1865 588 2076 645 super-

241 665 586 718 crescentes
607 658 1058 738 complectitur,
1071 660 1595 721 manifestandam
1615 663 1875 741 amplius
1889 671 2074 743 atque

238 754 590 814 fovendam.

322 851 603 910 Primum
643 851 893 930 quidem
942 853 1126 933 hujus
1173 854 1520 913 concordiae
1568 855 1817 916 tuendae
1859 856 1964 916 illa
2008 857 2074 917 in

237 954 510 1007 mentem
566 949 740 1008 venit
790 949 969 1020 ratio,
1024 970 1160 1029 (μω
1206 950 1353 1009 inde
1412 952 1489 1010 ab
1541 951 1862 1029 Apostolis
1920 952 2072 1031 ipsis

239 1045 536 1104 divinitus
577 1044 895 1123 inspiratis
927 1046 1228 1125 originem
1259 1047 1515 1118 ducens,
1551 1048 1848 1107 Ecclesiis
1879 1050 2070 1108 omni-

235 1143 353 1203 bus
383 1142 449 1200 in
479 1143 694 1201 eadem
721 1142 1040 1202 individua
1070 1150 1131 1202 et
1152 1143 1378 1203 visibili
1407 1144 1648 1202 unitate
1680 1146 2072 1207 continendis

239 1239 347 1297 diu
375 1239 676 1299 inserviit.
765 1239 1086 1299 Hodierna
1114 1247 1324 1299 autem
1352 1240 1442 1299 rei
1475 1240 1843 1301 Christianae
1878 1264 1948 1302 ea
1979 1250 2074 1302 est

238 1336 532 1407 conditiO,
552 1335 829 1396 infausta
850 1336 1097 1415 quidem
1132 1338 1240 1396 sed
1262 1337 1612 1408 manifesta,
1633 1345 1704 1396 ut
1729 1339 2072 1398 Concilium

238 1438 380 1494 Vere
426 1433 909 1505 OEcumenicum,
958 1435 1036 1492 ad
1082 1434 1250 1512 quod
1292 1434 1571 1493 Ecclesia
1614 1435 1963 1513 Anglicana
2006 1456 2070 1495 se

238 1537 520 1611 paratam
577 1551 714 1590 esse
759 1531 1086 1590 convenire
1132 1551 1375 1609 semper
1430 1531 1716 1610 professa
1762 1539 1876 1603 est,
1928 1553 2070 1592 con-

237 1628 451 1689 vocari
496 1649 624 1687 non
681 1628 901 1705 possit.
991 1627 1404 1687 Difficultates
1466 1628 1714 1706 quidem
1767 1649 1901 1706 quae
1958 1628 2072 1687 im-

238 1725 594 1804 pedimento
671 1730 817 1783 sunt
891 1724 1221 1802 quominus
1299 1724 1590 1804 Synodus
1650 1746 1726 1783 ex
1786 1726 2070 1785 omnibus

240 1821 601 1901 Anglicanis
626 1821 918 1880 Ecclesiis
963 1821 1227 1879 conflata
1253 1828 1686 1899 congregetur,
1708 1842 1774 1879 re
1813 1821 2069 1881 diversae

239 1926 302 1978 et
321 1918 525 1977 minus
546 1939 782 1997 graves,
802 1917 1007 1976 nimiae
1025 1924 1236 1975 tamen
1264 1917 1442 1976 nobis
1461 1917 1772 1988 videntur,
1796 1917 1977 1995 quam
2001 1925 2071 1977 ut

239 2015 345 2074 illa
372 2016 531 2074 ratio
563 2015 821 2074 unitatis
846 2013 1289 2074 conservandae
1319 2035 1355 2072 a
1377 2013 1554 2072 nobis
1581 2015 2067 2073 commendetur.

324 2112 518 2170 Aliud
574 2117 781 2171 autem
851 2111 1361 2190 experimentum,
1425 2110 1694 2168 secunda
1752 2110 1881 2188 jam
1937 2111 2071 2170 Vice

239 2209 496 2281 factum,
530 2208 932 2288 congregatio
966 2208 1200 2267 scilicet
1231 2207 1686 2284 Episcoporum
1730 2207 1808 2265 ab
1851 2208 2069 2267 Archi-

242 2306 532 2385 episcopo
596 2304 1028 2365 Cantuariensi
1086 2310 1588 2373 convocatorum,
1650 2309 1712 2361 et
1763 2303 1854 2362 Eo
1913 2325 2069 2382 prae-

243 2402 482 2462 sidente
507 2402 1001 2472 deliberantium,
1030 2422 1202 2479 spem
1235 2401 1452 2460 saltem
1475 2399 1851 2478 suppeditat,
1875 2421 2071 2479 quaes-

241 2500 494 2572 tionem,
546 2520 683 2580 quae
727 2498 1028 2558 hactenus
1079 2497 1427 2557 insolubilis
1471 2496 1819 2568 Videbatur,
1865 2518 2072 2555 rerum

241 2596 668 2656 vicissitudine
716 2595 1016 2655 divinitus
1062 2593 1347 2653 ordinata
1391 2600 1616 2671 sponte
1661 2593 1934 2653 solutum
1975 2594 2070 2664 iri,

241 2693 330 2752 ita
386 2700 459 2752 ut
510 2694 956 2752 Procuratores
1008 2692 1448 2762 Ecclesiarum,
1499 2690 1624 2749 situ
1676 2696 1738 2749 et
1781 2691 2070 2749 adminis-

241 2790 510 2849 tratione
564 2789 970 2861 diversarum,
1017 2787 1411 2847 consultandi
1452 2787 1714 2847 invicem
1760 2786 1962 2857 causa,
2008 2786 2068 2843 in

242 2909 436 2945 unum
467 2893 701 2946 coetum
731 2887 1098 2945 coalescant.

326 2983 702 3042 Persuasum
740 2988 836 3040 est
879 2981 1078 3051 nobis,
1126 2982 1206 3039 ad
1256 2980 1563 3038 unitatem
1606 2979 1672 3037 in
1715 2979 1835 3036 fide
1882 2976 2068 3036 semel

246 3079 481 3138 sanctis
528 3078 760 3136 tradita
797 3077 1078 3155 proxime
1122 3076 1412 3134 accedere
1444 3075 1638 3134 divini
1668 3074 1869 3132 cultus
1905 3090 2065 3129 com-

244 3174 620 3244 munionem,
654 3194 909 3250 eamque
956 3172 1281 3230 societates
1315 3170 1697 3229 Christianas
1740 3166 2065 3224 firmissmo

245 3291 409 3330 nexu
429 3269 717 3347 copulare
741 3290 753 3326 :
786 3275 848 3326 et
878 3267 1067 3346 probe
1096 3266 1496 3326 recordantes
1527 3265 1780 3322 Librum
1803 3261 2065 3317 Precum

248 3364 701 3435 Communium,
734 3366 812 3423 ab
860 3363 1146 3422 omnibus
1198 3362 1428 3421 nostris
1476 3356 1788 3424 EcclesiiS‚
1835 3353 2062 3430 aliqua-

244 3468 431 3521 tenus
480 3461 809 3530 variatum,
856 3458 1128 3529 retineri,
1170 3464 1235 3517 et
1284 3456 1574 3516 eximium
1626 3449 1884 3509 unitatis
1939 3448 2064 3508 vin-
