2372 3760
323 120 384 164 10
824 114 1085 174 Ἐπιστολὴ
1109 112 1301 160 Ἑκατὸν
1325 110 1632 159 Ἐπισκόπων

321 270 585 347 μελέτην·
630 266 737 343 τὴν
765 265 971 324 πίστιν
999 264 1167 340 ἡμῶν
1195 262 1324 326 ταῖς
1367 263 1481 321 τῶν
1511 259 1777 340 ἀρχαίων
1817 258 2154 335 Συμβόλων

323 366 543 445 φωναῖς
604 364 1030 441 ὁμολογοῦμεν·
1101 361 1170 419 τὸ
1244 358 1652 418 ἀποστολικὸν
1725 355 1930 433 τάγμα
1984 353 2152 413 Ἐπι-

325 465 585 528 σκόπων,
643 459 1094 540 Πρεσβυτέρων
1140 455 1239 515 καὶ
1281 455 1586 515 Διακόνων
1647 454 1989 533 κατέχομεν·
2049 451 2157 528 τὴν

324 560 566 637 ἔννομον
613 555 949 634 ἐλευθερίαν
991 554 1248 631 μερικῶν
1277 551 1315 629 ἢ
1362 552 1603 611 ἐθνικῶν
1646 550 1985 627 ἐκκλησιῶν
2029 546 2155 607 δια-

321 652 754 732 βεβαιούμεθα·
820 652 899 730 τῷ
951 651 1076 729 λαῷ
1126 650 1292 726 ἡμῶν
1352 646 1772 728 ἐγχειρίζομεν,
1825 647 1885 704 ἐν
1938 645 2010 725 τῇ
2060 646 2154 723 ἐγ-

322 752 521 834 χωρίῳ
568 751 747 810 αὐτοῦ
793 747 1092 826 διαλέκτῳ,
1136 745 1388 820 βιβλίον
1433 745 1793 824 προσευχῶν
1844 740 2157 820 δημοσίων

325 849 425 909 καὶ
471 849 733 918 τελετῶν,
782 844 880 904 καὶ
929 845 1043 902 τῶν
1087 841 1441 921 μυστηρίων
1488 840 1843 921 ἱερουργίας,
1891 838 2040 898 κατὰ
2083 837 2157 897 τὰ

324 946 547 1026 ἄριστα
624 942 722 1002 καὶ
793 941 1164 1000 παλαιότατα
1236 939 1657 1018 χριστιανικῆς
1729 935 1986 998 πίστεως
2058 932 2158 992 καὶ

323 1041 594 1122 λατρείας
625 1040 948 1119 ἀρχέτυπα.

408 1141 604 1198 Ταῦτα
635 1136 707 1195 τὰ
735 1137 902 1213 ἡμῶν
931 1133 1366 1214 μαρτυρήματα
1398 1133 1642 1191 ἐνώπιον
1679 1133 1784 1208 τῆς
1815 1128 2160 1206 οἰκουμένης

325 1235 792 1299 ἀναπτύσσεται,
813 1230 1274 1312 γιγνωσκόμενα
1306 1227 1403 1288 καὶ
1435 1226 2010 1308 ἀναγιγνωσκόμενα
2041 1225 2156 1284 ὑπὸ

322 1331 555 1392 πάντων
587 1330 924 1408 ἀνθρώπων.

406 1427 712 1504 Ἀσμένως
775 1423 877 1484 οὖν
937 1423 1331 1500 ἀσπαζόμεθα
1394 1422 1604 1482 πᾶσαν
1665 1420 1876 1499 πεῖραν
1934 1443 2152 1498 μεταρ-

320 1524 656 1605 ρυθμίσεως
691 1521 840 1581 κατὰ
869 1522 936 1580 τὸ
967 1517 1347 1599 παράδειγμα
1377 1522 1481 1596 τῆς
1524 1516 1779 1597 ἀρχαίας
1811 1515 2156 1593 ἐκκλησίας·

325 1620 574 1701 στερεὰν
630 1618 956 1696 ταύτότητα
999 1618 1108 1675 οὐκ
1164 1616 1543 1692 ἀπαιτοῦμεν·
1613 1613 1934 1691 ἀνωφελεῖς
1991 1611 2155 1693 διχο-

325 1716 590 1781 στασίας
639 1713 1102 1795 παραιτούμεθα·
1167 1714 1356 1772 πᾶσιν
1404 1713 1524 1775 τοῖς
1570 1712 1720 1789 πρὸς
1769 1710 1926 1786 ἡμᾶς
1984 1711 2157 1787 ἐφελ-

326 1816 592 1891 κομένοις
651 1813 709 1870 ἐν
765 1811 845 1889 τῷ
906 1810 1219 1890 ἐπιχειρεῖν
1277 1809 1517 1871 ἑαυτοὺς
1577 1807 1975 1886 ἐλευθερῶσαι
2034 1805 2153 1865 ἀπὸ

326 1912 505 1991 ζυγοῦ
571 1908 801 1985 πλάνης
873 1906 972 1965 καὶ
1044 1904 1513 1983 δεισιδαιμονίας
1585 1905 1795 1963 πᾶσαν
1862 1903 2156 1980 βοήθειαν

322 2007 642 2087 προθύμως
687 2003 1085 2085 προτείνομεν,
1144 2001 1242 2061 καὶ
1294 2001 1389 2062 οἷα
1441 2002 1668 2065 ἑαυτοῖς
1716 2001 2012 2080 προνόμια
2063 1997 2151 2077 εἴη

325 2103 570 2185 ἀρεστὰ,
634 2101 732 2161 καὶ
802 2100 1109 2179 ἡμετέροις
1181 2100 1447 2166 κανόσιν,
1518 2099 1639 2162 τοῖς
1711 2101 1771 2158 ἐν
1841 2098 2153 2176 ἡμετέραις

326 2199 772 2259 διατυπώσεσιν
831 2197 1204 2276 ὡρισμένοις,
1268 2197 1583 2274 σύμφωνα,
1648 2195 1961 2258 ἐθελόντως
2014 2220 2159 2274 προ-

328 2297 665 2374 κομίζομεν.
1674 2343 1680 2347 ,

411 2490 560 2569 Περὶ
604 2491 717 2548 τῶν
764 2488 1111 2565 ζητημάτων
1161 2489 1306 2564 ἡμῖν
1357 2487 1807 2566 παρατεθέντων
1857 2484 2001 2564 ὑπὲρ
2049 2487 2163 2543 τῶν

328 2587 431 2645 τοῦ
483 2586 684 2662 Γάμου
744 2587 937 2660 νόμων
990 2584 1402 2660 ἐμφανίζομεν,
1452 2583 1540 2642 ὅτι
1593 2582 1694 2646 τὰς
1745 2582 1994 2661 ἀπορίας
2038 2583 2159 2640 ἐπι-

329 2691 783 2762 γιγνωσκοντες,
818 2683 877 2738 ἐν
922 2677 1012 2742 αἷς
1057 2679 1202 2738 ἔνιαι
1249 2679 1565 2756 ἐκκλησίαι
1615 2680 2024 2755 ἐμπλέκονται,
2064 2676 2163 2736 διὰ

331 2781 445 2856 τῶν
476 2777 715 2852 θεσμῶν
745 2778 847 2852 τῆς
889 2777 1137 2851 τοπικῆς
1182 2775 1557 2852 νομοθεσίας,
1591 2776 1906 2853 νομίζομεν
1940 2775 2030 2834 ὅτι
2077 2772 2168 2832 δεῖ

331 2876 541 2935 πᾶσαν
591 2872 939 2949 ἐκκλησίαν,
988 2872 1137 2930 κατὰ
1190 2872 1297 2948 τὴν
1341 2874 1550 2950 ἑαυτῆς
1601 2874 1862 2952 γνώμην,
1908 2871 2015 2948 τὴν
2058 2872 2163 2930 τοῦ

331 2979 382 3031 Γ
381 2972 536 3048 άμου
582 2969 926 3048 ἁγιωσύνην
957 2964 1388 3046 διαφυλάττειν,
1427 2969 1576 3028 κατὰ
1612 2969 1685 3028 τὰ,
1730 2971 1790 3028 ἐν
1819 2969 1897 3047 τῷ
1937 2969 2164 3048 ῥήματι

332 3069 438 3127 τοῦ
473 3066 623 3126 Θεοῦ
655 3064 990 3144 ὁρισθέντα,
1014 3064 1112 3123 καὶ
1146 3065 1301 3124 καθὰ
1323 3066 1360 3142 ἡ
1393 3067 1498 3125 τοῦ
1518 3066 1796 3146 Χριστοῦ
1819 3064 2163 3142 Ἐκκλησία

333 3164 512 3245 μέχρι
540 3163 644 3221 τοῦ
676 3162 778 3220 νῦν
808 3162 989 3220 ταῦτα
1021 3158 1307 3220 δέδεκται.

439 3259 913 3337 Αναθεωροῦντες
983 3256 1118 3320 τοὺς
1190 3259 1445 3338 λυγροὺς
1515 3256 1970 3338 διαλογισμοὺς,
2032 3255 2168 3335 περὶ

333 3359 577 3417 τελετῶν
636 3356 1178 3432 ἐκκλησιαστικῶν,
1241 3353 1312 3413 δι’
1375 3356 1453 3415 ὧν
1511 3356 1635 3415 ἔνια
1694 3357 1808 3415 τῶν
1871 3355 2167 3434 ἡμετέρων

335 3454 535 3531 πλήθη
609 3453 882 3533 χαλεπῶς
952 3451 1401 3531 τεθορύβηνται,
1478 3450 1994 3528 διαβεβαιούμεθα
2065 3451 2166 3509 τὸν
