2372 3760
767 116 814 160 ἐν
838 110 1038 176 Ἀγγλίᾳ
1063 114 1482 176 συνηθροισμένων.
1974 121 2029 166 ll

193 262 428 329 κανόνα,
461 261 734 343 ὁρίζοντα
761 259 949 339 μηδὲν
981 259 1102 320 δεῖν
1131 265 1509 343 νεωτερίζειν,
1533 266 1593 324 ἐν
1612 264 1685 343 τῇ
1720 265 2024 348 εἰθισμένῃ

191 358 515 439 θρησκείας
573 355 853 429 διατάξει,
918 358 1069 417 κατὰ
1125 361 1230 436 τῆς
1288 363 1391 419 τοῦ
1444 361 1780 421 ἐπισκόπου
1828 365 2022 424 νουθε-

188 456 344 520 σίας.

268 555 496 614 Λοιπὸν
525 554 944 632 ἐνθυμούμενοι
976 554 1355 631 καινοτομίας
1399 555 1575 625 τινὰς,
1609 557 1685 636 τῇ
1717 583 1779 616 τε
1808 558 2023 638 πράξει

191 651 292 710 καὶ
315 652 388 731 τῇ
422 649 658 732 διδαχῇ,
683 651 819 732 περὶ
841 655 944 730 τῆς
969 651 1477 731 ἐξομολογήσεως,
1504 650 2018 733 διϊσχυριζόμεθα,

186 749 290 813 τὰς
348 751 452 826 τῆς
508 748 910 829 Ἀγγλικανῆς
983 748 1289 813 κοινωνίας
1346 748 1720 827 Ἐκκλησίας
1790 755 2022 832 κρατεῖν

184 847 454 922 βεβαίως
482 848 618 912 τοὺς
650 848 900 911 κανόνας
944 847 1080 926 περὶ
1123 850 1227 924 τῆς
1268 846 1763 927 ἐξομολογήσεως
1795 852 1854 909 ἐν
1896 853 2022 915 ταῖς

187 946 382 1025 ἁγίαις
417 947 684 1027 Γραφαῖς
728 944 1276 1026 ἀποδεδειγμένους,
1327 946 1426 1005 καὶ
1470 947 1583 1007 ὑπὸ
1628 950 1731 1025 τῆς
1767 949 2020 1029 ἀρχαίας

184 1043 555 1121 Ἐκκλησίας
629 1045 1264 1123 συνωμολογημένους,
1321 1042 1419 1102 καὶ
1477 1045 1538 1102 ἐν
1594 1045 1667 1123 τῇ
1725 1043 2019 1126 Ἀγγλικῇ

184 1139 677 1220 Μεταρρυθμίσει
709 1141 1302 1216 ἀνακεκαινωμένους·
1371 1140 1469 1199 καὶ
1520 1142 1894 1218 ἐσκεμμένως
1925 1145 2017 1221 ἐγ-

185 1238 470 1314 νώκαμεν,
493 1235 703 1314 μηδενὶ
731 1238 836 1313 τῆς
868 1236 1196 1314 ἐκκλησίας
1218 1238 1480 1316 ὑπηρέτῃ
1508 1235 1721 1308 ἐξεῖναι
1754 1239 2020 1297 ἀπαιτεῖν

186 1335 252 1392 ἐκ
282 1336 395 1392 τῶν
423 1336 571 1412 πρὸς
602 1335 780 1392 αὑτὸν
819 1335 1170 1412 φοιτώντων,
1205 1331 1302 1392 διὰ
1331 1332 1438 1409 τὴν
1467 1334 1570 1409 τῆς
1613 1335 1802 1392 αὐτῶν
1833 1335 2030 1411 λύπης

186 1429 524 1502 ἀνάπτυξιν,
558 1431 812 1490 ἁπασῶν
841 1431 954 1490 τῶν
995 1430 1296 1510 ἁμαρτιῶν
1339 1429 1489 1488 κατὰ
1531 1431 1708 1509 μέρος
1752 1430 2019 1489 ἑκάστων

187 1525 600 1607 ἐξαρίθμησιν,
647 1526 686 1604 ἢ
739 1525 891 1586 ἰδίαν
939 1525 1384 1606 ἐξομολόγησιν
1432 1526 1868 1600 ἐκβασανίζειν,
1901 1528 2017 1604 πρὸ

185 1628 289 1702 τῆς
320 1625 495 1705 ἁγίας
540 1625 923 1706 εὐχαριστίας
952 1624 1354 1702 μεταλήψεως,
1390 1622 1427 1699 ἢ
1475 1623 1828 1683 ἐπιτάσσειν
1849 1622 1886 1699 ἢ
1921 1624 2019 1682 καὶ

184 1723 492 1803 παραινεῖν
538 1722 644 1799 τὴν
689 1725 791 1800 τῆς
851 1721 1149 1798 συνήθους
1198 1722 1277 1799 τῷ
1339 1719 1479 1800 ιερεῖ
1528 1717 2018 1798 ἐξομολογήσεως

187 1819 586 1896 ἐπιτήδευσιν,
639 1819 677 1897 ἢ
729 1818 1040 1879 διδάσκειν
1092 1844 1181 1877 οτι
1230 1818 1362 1877 τοία
1422 1814 1810 1893 ἐπιτήδευσις,
1859 1816 1896 1892 ἢ
1949 1818 2015 1876 τὸ

186 1918 657 1977 ὑποτάσσεσθαι
686 1918 762 1998 τῇ
795 1915 1019 1976 οὑτωσὶ
1053 1912 1424 1994 καλουμξενῃε
1408 1939 1603 1992 ιερεως
1630 1914 2014 1992 χειραγωγία,

187 2014 485 2095 ἀναγκαῖά
516 2017 648 2074 ἐστι
696 2012 1186 2094 προπαιδεύματα
1226 2014 1373 2091 πρὸς
1419 2011 1526 2087 τὴν
1572 2013 1674 2087 τῆς
1720 2011 2016 2087 ἀνωτάτης

185 2115 581 2190 πνευματικῆς
641 2114 788 2188 ζωῆς
846 2112 1151 2185 ἐπίβασιν.
1234 2108 1436 2186 φΟμως
1491 2109 1690 2184 μέντοι
1749 2105 2017 2183 οὐδαμῶς

188 2213 499 2287 ἐννοοῦμεν
549 2212 871 2286 ἐπιτέμνειν
914 2208 1021 2284 τὴν
1065 2209 1125 2266 ἐν
1167 2207 1240 2286 τῇ
1283 2206 1488 2283 βίβλῳ
1537 2206 1650 2263 τῶν
1704 2203 2016 2281 δημοσίων

191 2309 566 2389 προσευχῶν,
599 2311 748 2386 πρὸς
799 2308 901 2366 τὸν
946 2305 1381 2384 βεβαρημένων
1440 2298 1850 2377 συνειδήσεων
1898 2302 2017 2360 ἐπι-

189 2407 546 2482 κουφισμὸν,
580 2404 971 2484 ἐπιχορηγίαν
1001 2400 1491 2481 προνενοημένην.

273 2502 473 2561 Ταῦτά
511 2504 645 2561 ἐστι
689 2527 763 2560 τα
809 2499 1303 2579 συμπεράσματα
1347 2496 1426 2559 εἷς
1471 2493 1508 2552 ἃ
1554 2494 2014 2570 κατηντήκαμεν,

188 2598 322 2679 περὶ
372 2600 486 2657 τῶν
544 2598 688 2675 ἡμῖν
738 2596 1256 2676 προβεβλημένων
1303 2591 1677 2670 ζητημάτων,
1713 2592 1772 2649 ἐν
1818 2587 1901 2653 οἷς
1947 2590 2018 2648 τὰ

188 2697 423 2755 πάντων
473 2697 578 2772 τῆς
638 2695 978 2770 Καθολικῆς
1028 2688 1399 2768 Ἐκκλησίας
1456 2688 1670 2746 τέκνων
1720 2687 2018 2762 ἁπτόμενα

189 2794 316 2857 ταῖς
386 2790 664 2854 συνόδοις
738 2792 1093 2866 ἐκκλησιῶν,
1158 2787 1256 2845 καὶ
1328 2785 1453 2848 ταῖς
1526 2782 1828 2854 ἐξουσίαις
1887 2781 2016 2852 καθ’

191 2890 454 2967 ἑκάστην
494 2887 967 2967 κυβερνητικαῖς,
1010 2884 1107 2944 καὶ
1150 2885 1342 2942 πᾶσιν
1373 2882 1572 2944 ἁπλῶς
1615 2879 1735 2942 τοῖς
1783 2879 2019 2940 πιστοῖς

191 2989 252 3046 ἐν
282 2985 532 3064 Χριστῷ
563 2983 780 3060 Ἰησοῦ
813 2982 1190 3059 φιλοφρόνως
1222 2977 1645 3055 σαφηνίζομεν.

276 3084 401 3140 Οὐκ
461 3077 918 3154 ἀντιποιούμεθα
976 3077 1081 3134 τοῦ
1141 3072 1580 3151 κατακυριεύειν
1638 3071 1698 3127 ἐν
1755 3067 2012 3145 κλήροις,

194 3178 350 3237 ἀλλὰ
409 3177 593 3234 ταῦτα
651 3174 732 3250 τῷ
790 3173 1054 3249 ἡμετέρῳ
1115 3168 1476 3245 συμβουλίῳ
1525 3166 1824 3244 ἀρέσαντα
1875 3185 2014 3218 συν-

196 3273 448 3348 ίσταμεν
477 3270 557 3347 τῷ
600 3267 884 3346 λογισμῷ
932 3265 1033 3323 καὶ
1075 3264 1149 3343 τῇ
1197 3260 1545 3338 συνειδήσει
1574 3261 1685 3316 τῶν
1729 3254 2015 3330 ἀδελφῶν,

198 3370 273 3431 ὡς
322 3368 435 3425 ὑπὸ
488 3366 592 3424 τοῦ
645 3363 819 3442 ἁγίου
869 3360 1214 3435 Πνεύματος
1259 3354 1734 3432 πεφωτισμένων,
1783 3348 2018 3409 ἐκτενῶς

199 3465 325 3541 Θεῷ
356 3461 852 3542 προσευχόμενοι,
891 3454 985 3513 ἵνα
1015 3454 1226 3516 πάντες
1258 3451 1314 3510 οἱ
1351 3452 1416 3507 τὸ
1448 3449 1633 3522 ὄνομα
1662 3445 1765 3502 τοῦ
1794 3442 2018 3520 Κυρίου
