2372 3760
800 94 846 138 ἐν
867 90 1068 155 Ἀγγλίᾳ
1093 93 1508 156 συνηθροισμένων.
2033 107 2061 155 7

237 238 337 299 καὶ
381 239 642 317 ἀκυροῦν
687 238 950 317 θεσμοὺς
986 240 1085 300 καὶ
1128 243 1361 308 τελετὰς
1406 246 1931 323 ἐκκλησιαστικὰς,
1964 255 2058 314 ὑπ’

237 335 606 416 ἀνθρωπίνης
636 333 918 406 ἐξουσίας
959 334 1436 419 διατεταγμένας,
1467 343 1652 420 μόνον
1684 344 1842 406 ὥστε
1871 348 2061 409 πάντα

154 447 162 453 ”
231 432 380 512 πρὸς
411 429 732 509 οἰκοδομὴν
761 432 1098 511 γίγνεσθαι.

314 526 620 604 Ἀσμένως
675 527 783 605 μὲν
852 530 1262 610 ὁμολογοῦμεν
1311 532 1605 611 μηδεμίαν
1664 538 1847 598 εἰσέτι
1905 542 2055 620 εὑρί-

230 624 498 684 σκεσθαι
542 625 827 704 μερίμνης
874 625 1081 694 αἰτίαν,
1132 625 1230 687 διὰ
1287 631 1506 709 ταύτην
1565 633 1670 710 τὴν
1717 632 2054 712 διαφωνίαν.

220 718 422 797 ’Ὅμως
450 721 650 798 μέντοι
694 721 1051 799 ἐπιπόθησίς
1081 749 1165 789 τις
1209 725 1424 786 νεωστὶ
1471 729 1720 789 ἐπιπολὺ
1767 731 2057 810 αἰσθήσει

228 815 329 876 καὶ
357 817 518 896 λόγῳ
549 818 973 897 πεφανέρωται,
1013 820 1088 884 ὡς
1133 823 1405 900 ἐννοητέα
1437 822 1536 883 καὶ
1565 829 1922 904 προσαπτέα
1967 828 2054 907 εἴη

227 913 456 994 ὄργανά
512 939 661 985 τινα,
715 915 863 993 πρὸς
922 916 988 975 τὸ
1048 918 1367 987 ἐκκόπτειν,
1430 920 1479 979 εἷ
1535 923 1720 1003 τύχοι,
1783 923 2057 1006 ἀφορμὰς

229 1007 650 1090 διχοστασίας,
685 1009 785 1069 καὶ
828 1011 976 1090 πρὸς
1019 1011 1125 1089 τὴν
1155 1016 1576 1096 λαμπροτέραν
1622 1016 1926 1091 ἀπόδειξιν
1958 1020 2058 1080 καὶ

226 1104 486 1184 αὔξησιν
543 1109 647 1185 τῆς
718 1106 1001 1185 ἀληθινῆς
1074 1108 1172 1168 καὶ
1242 1111 1571 1178 οὐσιώδους
1645 1115 1923 1193 ὁμονοίας
1997 1118 2057 1178 ἐν

228 1202 537 1283 ἡμετέραις
569 1203 919 1274 ἐκκλησίαις
950 1204 1362 1286 ὑπαρχούσης.

313 1300 393 1358 Τὸ
423 1301 657 1379 πρῶτον
684 1299 792 1378 μὲν
823 1299 901 1363 εἷς
932 1302 1068 1359 νοῦν
1093 1301 1484 1382 ἀνερχόμενον
1506 1304 1760 1385 ὄργανον
1785 1309 2056 1387 τοιαύτης

229 1397 495 1461 ἑνώσεως
540 1397 796 1477 εὐλόγως
841 1394 913 1455 ἂν
958 1395 1045 1475 εἴη
1092 1398 1292 1466 ἐκεῖνο,
1327 1399 1491 1480 ὅπερ,
1529 1401 1723 1482 ἀρχὴν
1764 1403 1902 1484 ἔχον
1936 1406 2053 1466 ἀπὸ

226 1495 340 1554 τῶν
393 1493 696 1573 θεοφόρων
777 1493 1154 1567 ἀποστόλων,
1230 1497 1572 1570 συνέζευξεν
1636 1499 1880 1565 ἁπάσας
1952 1503 2055 1567 τὰς

230 1593 504 1673 Χριστοῦ
529 1590 854 1669 ἐκκλησίας
877 1592 936 1651 ἐν
954 1592 1062 1672 μιᾷ
1087 1590 1396 1673 ἀδιαιρέτῳ
1422 1594 1520 1653 καὶ
1551 1596 1739 1675 ὅρατῇ
1765 1588 2053 1678 κοινωνίᾳ.

227 1686 413 1746 Ἀλλὰ
461 1687 568 1765 μὲν
619 1686 722 1748 οῦν
766 1689 804 1766 ἡ
859 1687 1255 1770 συνάθροισις
1303 1691 1593 1768 ἀληθινῶς
1649 1692 2056 1772 οἷκουμενικῆς

226 1783 508 1855 Συνόδου,
542 1785 690 1865 πρὸς
726 1784 938 1844 ὁποίαν
965 1785 1003 1862 ἡ
1034 1783 1401 1865 Ἀγγλικανὴ
1432 1785 1773 1865 Ἐκκλησία
1804 1788 2054 1848 πάντοτε

227 1883 628 1962 ἐπηγγέλλετο
670 1881 872 1958 ἑτοίμη
906 1878 1051 1939 εἶναι
1096 1882 1517 1962 συνέρχεσθαι,
1550 1885 1610 1941 ἐν
1639 1883 1711 1962 τῇ
1757 1885 2052 1965 σημερινῇ

224 1981 331 2039 τοῦ
380 1978 870 2057 Χριστιανισμοῦ
930 1976 1322 2043 καταστάσει,
1355 1976 1667 2059 δυστυχῶς
1722 1979 1848 2057 μὲν,
1895 1979 2052 2040 ἄλλα

226 2076 508 2155 φανερῶς,
538 2075 797 2153 πέφυκεν
856 2073 1177 2153 ἀμήχανος.
1264 2074 1339 2132 Αἱ
1391 2075 1498 2152 μὲν
1550 2075 1809 2155 ἀπορίαι,
1844 2075 2051 2142 αἵτινες

224 2170 830 2253 παρακολουθήσειαν
861 2168 932 2228 ἂν
961 2170 1033 2250 τῇ
1066 2170 1416 2230 συνελεύσει
1452 2168 1710 2232 συνόδου
1741 2174 1805 2231 ἐκ
1835 2175 2050 2232 πασῶν

225 2272 340 2332 τῶν
387 2269 763 2349 ἀγγλικανῶν
824 2267 1160 2344 ἐκκλησιῶν
1209 2269 1788 2347 συγκεκροτημένης,
1839 2268 2049 2348 καίπερ

224 2368 494 2444 ἀνόμοιοι
539 2363 640 2424 καὶ
680 2365 1061 2444 μετριώτεραι
1103 2364 1217 2421 τῶν
1268 2363 1602 2443 εἰρημένων,
1642 2363 1799 2441 ὅμως
1849 2365 2050 2440 μέντοι

224 2463 347 2525 εἶσὶ
384 2463 713 2543 βαρύτεραι
756 2459 793 2538 ἢ
838 2461 1246 2541 συγχωρῆσαι
1285 2460 1499 2537 ταύτης
1533 2462 1636 2537 τῆς
1679 2457 1954 2536 μεθόδου,
1989 2462 2049 2519 ἐν

221 2561 302 2640 τῷ
333 2562 435 2620 νῦν
462 2559 677 2640 χρόνῳ,
713 2557 1078 2618 συναίνεσιν.
1142 2554 1306 2614 Ἀλλ’
1329 2556 1367 2634 ἡ
1401 2555 1592 2637 πεῖρα,
1627 2553 1714 2620 δὶς
1743 2557 2042 2635 γεγονυῖα,

164 2719 167 2721 ,
223 2657 606 2735 συμβουλίου
655 2655 1015 2720 ἐπισκόπων,
1065 2652 1183 2712 ἀπὸ
1234 2654 1338 2712 τοῦ
1396 2652 1801 2733 Καντουαρίας
1845 2651 2044 2732 Ἀρχι-

222 2754 558 2815 επισκόπου
590 2751 1105 2832 συγκεκλημένων,
1133 2748 1231 2808 καὶ
1262 2747 1355 2808 ὑπ’
1382 2750 1562 2807 αὐτοῦ
1590 2746 2042 2829 προεδρεύοντος

220 2849 766 2930 συνηθροισμένων,
789 2844 998 2906 ἐλπίδα
1016 2844 1158 2922 ἡμῖν
1179 2846 1427 2925 παρέχει
1451 2842 1784 2920 αὐτομάτου
1814 2844 2040 2907 λύσεως

217 2946 647 3027 προβλήματος
702 2944 882 3023 μέχρι
938 2943 1042 3001 τοῦ
1110 2942 1210 3000 νῦν
1269 2941 1502 3006 ἀλύτου,
1562 2937 1836 3016 δηλονότι
1893 2964 2032 2997 συν-

219 3042 550 3123 αθροίσεως
583 3039 681 3099 καὶ
712 3037 1223 3114 συμβουλεύσεως
1252 3037 1670 3114 τοποτηρητῶν
1701 3033 2033 3109 ἐκκλησιῶν

216 3140 289 3219 τῇ
320 3164 381 3197 τε
414 3137 580 3197 θέσει
612 3134 711 3194 καὶ
739 3135 810 3213 τῇ
844 3132 1140 3208 διοικήσει
1171 3129 1600 3211 διαφερουσῶν.

299 3233 642 3312 Ἐγγύτατα
685 3229 831 3307 μετὰ
882 3227 989 3303 τὴν
1039 3229 1283 3303 ἑνότητα
1328 3229 1387 3285 ἐν
1430 3228 1501 3304 τῇ
1546 3225 1760 3287 πίστει,
1793 3221 1866 3299 τῇ
1909 3221 2030 3284 τοῖς

217 3329 410 3410 ἁγίοις
482 3324 649 3397 ἅπαξ
712 3321 1149 3404 παραδοθείσῃ,
1224 3321 1608 3397 πεπεισμένοι
1679 3315 1860 3392 ἐσμὲν
1921 3313 2028 3391 τὴν

216 3423 542 3505 θρησκείας
615 3420 918 3482 κοινωνίαν
990 3418 1389 3497 ἰσχυρότατον
1461 3412 1606 3474 εἶναι
1684 3408 2027 3487 σύνδεσμον
